1964 3202
373 351 559 387 ranvmrnrrn
571 351 690 387 vernare
876 335 909 387 35

155 492 294 566 abaliquo
312 501 386 548 astro
403 493 588 548 notassetsed
603 510 662 548 enni
678 510 767 548 rosarn
785 494 906 557 uidisset,

155 587 211 633 turn
234 578 351 652 incipere
370 594 419 632 ner
442 577 587 632 arbitratus
606 584 687 632 esset.
717 577 769 632 Hac
784 579 817 632 ae
836 585 908 633 stro-

154 663 206 736 pha
228 663 341 735 primurn
363 661 511 723 arinotaiao,
532 662 604 734 qnod
626 662 788 717 (loramento
807 662 842 716 sit
867 663 906 718 eis

154 764 270 820 qnorum
282 746 491 801 obstinationem
501 746 639 801 dubitandi
655 745 772 801 nondam
784 747 908 802 conuice-

153 848 218 892 ram‚
235 848 312 902 quarn
329 839 401 886 reate
421 831 592 904 transpositis
610 831 734 886 uersibus
751 831 836 904 partis
849 849 908 886 ear·

153 915 232 971 minis
247 915 348 970 mediae
363 915 494 988 principia
509 932 523 969 a
538 932 565 969 u.
581 921 615 974 63
634 915 768 970 duxerim:
791 915 907 971 medinm

153 999 263 1055 uitiatae
285 999 364 1053 huius
388 999 516 1071 strophae
536 1016 644 1054 uersum
663 1007 697 1057 rt
716 1017 770 1055 non
793 999 908 1073 syllaba·

152 1102 212 1141 rum
232 1090 335 1139 tanturn
349 1084 375 1138 in
391 1083 473 1157 pedes
487 1083 633 1157 partitione
650 1085 910 1160 pedumquepequa·

152 1168 257 1225 bilitate
273 1169 319 1224 sed
339 1169 418 1223 etiarn
439 1168 525 1241 ipsius
541 1168 755 1224 conformatione
777 1169 908 1224 orationis

151 1271 211 1309 esse
230 1251 393 1307 simillimam
410 1261 490 1325 poeta
511 1253 535 1308 ei
552 1252 651 1314 uoluit,
675 1253 720 1325 qni
736 1254 839 1326 primae
854 1270 909 1308 me·

151 1338 212 1392 dius
234 1346 292 1391 erat
307 1355 333 1392 u.
352 1344 398 1397 65,
422 1337 443 1391 si
467 1337 573 1410 quidem
588 1338 620 1392 de
639 1337 770 1393 industria
784 1338 826 1399 hio
841 1353 908 1408 per-

152 1437 214 1493 que,
235 1420 290 1478 illie
306 1423 395 1492 deque
412 1429 454 1475 tor
469 1421 576 1494 posuit:
588 1437 700 1492 perque
715 1425 825 1478 eoelum
837 1437 907 1493 per·

151 1521 205 1578 que
229 1513 325 1560 terras
342 1520 453 1577 perque
473 1513 591 1576 pontum
612 1508 752 1562 subditum
776 1516 803 1562 ot
818 1510 908 1578 deque

149 1593 266 1663 pemmis
292 1593 381 1664 deque
410 1592 532 1663 flammis
556 1593 646 1662 deque
668 1594 735 1647 sotis
757 1593 907 1663 purpuris.

151 1676 226 1744 Quor
246 1677 314 1733 idern
330 1677 470 1733 artificium
489 1677 514 1730 in
533 1675 593 1730 aliis
609 1675 712 1731 duabus
728 1677 847 1750 strophis
863 1677 908 1731 ad·

150 1762 238 1817 hibuit
253 1779 313 1818 cuin
331 1770 473 1822 aggerat
487 1762 557 1815 inter
572 1779 600 1815 se
619 1761 815 1835 respondentes
831 1777 908 1816 exae-

151 1855 246 1920 quaret
263 1847 289 1900 in
307 1854 397 1902 ternas
414 1845 560 1920 particulas
581 1845 671 1900 uerbis
687 1847 828 1918 utriusque
845 1863 907 1901 ner-

151 1948 197 1985 sus
216 1931 354 2003 discriptis
376 1936 403 1984 et
421 1946 476 1984 uno
492 1928 639 2000 eodemque
655 1929 787 1985 uocabulo
810 1930 837 1983 in
855 1939 908 1984 ter-

151 2015 186 2069 tia
204 2030 309 2086 quaque
324 2013 453 2086 particula
469 2013 604 2086 repetito:
623 2029 677 2067 neu
693 2015 841 2084 quidorcu
853 2029 907 2068 neu

150 2101 254 2170 sopitte
269 2113 324 2152 neu
339 2099 483 2168 quietique
498 2098 624 2151 laederet
639 2107 666 2164 rt
678 2113 807 2168 peraeque
819 2100 909 2153 siluas

150 2197 279 2254 quaeque
294 2186 373 2238 lucos
389 2197 517 2254 quaeque
529 2182 625 2254 fontes
642 2184 775 2238 incolunt.
805 2181 869 2237 Nara
885 2183 908 2237 si

150 2269 211 2340 quis
229 2284 305 2322 casus
321 2267 412 2340 potins
425 2265 543 2322 ludibrio
560 2284 637 2338 quarn
656 2267 771 2322 oonsilio
792 2267 908 2340 seripto·

149 2353 187 2406 ris
212 2359 273 2407 nata
297 2352 440 2408 haeresse
461 2351 644 2412 contenderit,
671 2368 731 2406 euni
754 2351 798 2423 qui
817 2352 908 2407 redar-

149 2454 227 2509 guanr
244 2436 349 2497 neseio,
367 2437 410 2492 sed
427 2437 481 2492 hoe
492 2436 565 2498 seio,
586 2436 703 2507 caligare
722 2452 781 2490 eum
798 2437 824 2490 in
841 2435 907 2491 soie.

147 2521 288 2577 Praeterea
299 2530 445 2576 extremum
460 2538 565 2586 uersam
577 2521 718 2593 corrigam,
728 2520 773 2593 qni
785 2529 814 2575 ut
823 2521 907 2594 uulgo

149 2605 265 2679 legitur:
285 2623 347 2661 rosa

183 2720 244 2753 crae
256 2703 389 2763 ruborem,
405 2704 450 2767 qui
463 2702 569 2751 latebat
583 2708 659 2751 ueste
674 2708 763 2751 tectus
776 2703 878 2763 iones„

182 2773 262 2821 unico
276 2773 376 2821 merita
389 2773 454 2821 audo
467 2786 524 2821 non
535 2770 658 2837 patienia
667 2769 788 2817 sonum

142 2858 179 2914 ita
194 2877 249 2917 aon
265 2861 357 2921 tactus
375 2882 391 2922 a
405 2873 494 2942 poeta
511 2872 568 2922 est.
588 2857 714 2915 trenno
721 2834 977 2961 sopirpfflrffi

779 2948 814 2998 οὐ.
