1964 3202
127 180 162 230 32
349 194 534 228 runmumarn
547 194 665 228 nunnius

129 336 333 410 interpretantis
342 335 457 390 Romuli
465 343 592 395 matrem.
606 334 675 390 anile
688 353 742 391 nou
754 337 811 392 siue
824 355 890 410 spe7

126 423 170 478 eie
179 421 302 477 ueritatis
317 421 369 476 boe
385 428 519 491 tamquam
529 420 710 493 explanaturis
722 421 890 477 additamen-

118 515 185 561 ’tnm
199 523 311 579 prorsus
323 504 509 577 expellendum
520 504 723 577 esselougeque
736 503 807 561 aliud
820 507 889 561 seri·

80 581 83 586 ¹
129 591 217 664 psisse
224 598 332 664 poetam
339 589 567 662 possiseonioero.
584 587 616 642 Et
626 589 710 644 totius
718 590 825 662 quidem
836 591 889 650 bu·

73 671 74 674 ’
130 677 171 731 ius
183 693 279 730 uersus
297 674 431 729 sententia
448 673 513 728 baee
530 681 580 734 est,
598 680 628 728 ut
643 674 722 729 'etiam
741 674 888 748 imperato·

128 778 172 815 res
195 761 329 816 Romanos
348 758 437 813 diuina
453 758 579 831 prosapia
594 775 653 813 esse
669 759 816 815 indicetur:
835 760 888 815 ita·

129 862 182 918 que
197 844 326 899 adiutrice
339 844 441 897 Venere
457 851 537 914 poeta
552 842 661 897 blartem
678 844 812 916 praedicat
825 862 888 900 cunr

127 929 276 1006 primordia
292 927 380 983 enneti
395 927 488 1004 populi
501 927 625 989 Romani,
643 945 757 1000 quornm
772 929 888 984 Ramnes

126 1023 156 1070 et
172 1012 290 1080 Quirites
305 1012 461 1066 memoriam
476 1019 693 1085 repraesentant,
710 1022 767 1068 turn
782 1014 887 1086 praeei-

127 1116 180 1173 pue
205 1098 229 1152 id
252 1115 338 1170 genus
355 1097 457 1151 senisse
474 1096 546 1168 (quod
562 1096 589 1149 in
605 1097 773 1169 posteriores
789 1097 886 1172 Roma·

128 1202 178 1239 nos
196 1182 338 1255 imperium
354 1181 465 1237 baberet
487 1198 648 1253 prosperum
673 1199 703 1236 ae
726 1182 884 1255 propitium.

124 1269 218 1341 Neque
242 1267 326 1339 igitur
349 1267 444 1321 dubito
465 1266 529 1338 quin
552 1274 679 1339 nepotem
695 1266 832 1322 Caesarem
848 1267 886 1322 si-

125 1351 296 1427 gnificauerit
311 1351 401 1405 diuum
415 1351 525 1412 lulium,
545 1351 590 1422 qui
605 1351 793 1423 imperatoriae
806 1359 885 1425 pote·

127 1438 205 1494 statis
221 1445 316 1491 auctor
332 1435 470 1490 ferebatur
485 1452 636 1506 nomenque
656 1436 812 1490 Caesareum
828 1436 885 1509 pri·

126 1541 170 1578 mo
186 1520 323 1594 gentilicia
343 1520 504 1581 hereditate,
534 1529 591 1574 tum
613 1537 663 1597 per
686 1520 886 1577 successionem

126 1607 238 1663 honoris
260 1605 488 1677 subsequentibus
512 1604 642 1676 Augustis
660 1604 777 1660 tradidit.
808 1603 885 1671 Quod

120 1691 149 1746 ¹si
177 1707 271 1746 uerum
303 1698 358 1751 est,
389 1698 450 1744 ante
478 1689 617 1744 Caesarem
642 1689 732 1744 neseio
759 1689 886 1762 equidem

127 1792 268 1849 quemnam
294 1774 375 1828 alium
398 1774 555 1829 nominatim
575 1773 695 1847 potuerit
711 1782 792 1847 poeta
815 1774 885 1828 desi·

112 1877 209 1934 ¹gnare
232 1859 284 1914 nisi
304 1858 447 1914 Romulum
470 1859 546 1930 regni
568 1866 594 1913 et
616 1858 735 1928 einitatis
751 1859 886 1914 Romanae

125 1953 278 2018 parentem:
292 1944 535 1999 uudeRumueset
547 1943 671 2010 Quirites
678 1958 791 2014 proque
800 1944 886 2013 prole

123 2036 270 2101 posterum
297 2029 447 2083 Romulum
470 2036 585 2098 putrem
607 2036 722 2082 crearet
747 2035 773 2082 et
797 2042 886 2098 nepo·

124 2121 180 2169 tem
194 2113 356 2168 Gaesarem.
373 2112 455 2180 Quam
466 2113 648 2167 coniecturam
665 2113 794 2167 haetenus
810 2129 885 2168 eom-

125 2198 251 2254 mendare
267 2195 370 2259 licebit,
398 2205 429 2253 ut
451 2214 506 2252 non
524 2196 732 2269 probabiliorem
752 2196 820 2253 alius
843 2197 885 2252 in·

43 2299 64 2340 ,·
125 2282 240 2338 uenerit.

169 2366 292 2423 Ruralem
315 2367 443 2421 Venerem
464 2382 560 2420 canere
587 2373 665 2438 poeta
692 2366 782 2438 eoepit
804 2366 886 2422 tertia

126 2452 239 2525 stropha
252 2469 319 2524 quae
331 2459 373 2505 est
385 2457 514 2522 quattuor
526 2467 667 2505 uersuum:
681 2467 796 2522 quornm
807 2457 885 2522 post-

126 2554 207 2608 quam
222 2535 317 2591 ultimo
330 2535 428 2590 [iorum
440 2534 540 2589 montio
558 2536 626 2591 saeta
642 2543 691 2597 est,
709 2543 885 2607 quartastro-

110 2620 174 2684 plia
189 2637 260 2688 quae
276 2621 386 2675 tertiam
403 2619 561 2695 aequiperat
577 2629 604 2676 et
620 2620 751 2675 secundm
771 2636 885 2691 respon·
903 2692 905 2695 v
958 2692 961 2696 Ι

92 2695 169 2749 dens
185 2703 286 2770 quinta
303 2715 435 2780 spectant
449 2708 486 2765 ad
500 2708 583 2765 iteam
598 2705 794 2774 dominamque
808 2702 900 2761 boris,
