1964 3202
169 177 202 227 ‘2ss
389 192 573 228 PERVIGILIVM
586 192 706 226 VENERIS

172 335 212 390 sui
229 340 261 394 71
278 334 471 389 continuantur
483 333 636 408 aptissime:
656 331 744 388 Venus
754 331 831 387 llarti
842 333 875 387 rle
888 351 931 387 sa-

170 418 240 475 cello
257 419 330 474 dedit
345 419 486 491 uirginem.
503 425 534 473 ut
547 435 579 473 ex
594 435 624 473 ea
639 416 770 491 populum
781 417 931 472 Romanum

172 513 199 560 et
214 503 352 559 Caesarem
367 510 479 559 crearet.
501 503 564 558 Nam
578 504 651 557 unde
668 509 762 574 poetas
778 501 932 574 significare

172 591 206 644 ab
221 587 265 644 uel
280 604 319 643 ee
336 605 391 658 qno
407 596 434 642 et
449 605 506 658 quo
522 595 549 642 et
564 588 665 658 quilius
685 587 711 640 in
728 585 828 642 scholis
846 587 933 658 magi·

172 674 222 729 stri
240 691 290 728 nos
311 673 462 728 rloouerunt
484 671 655 745 interpretati
673 670 847 726 Horatianum
863 668 932 726 illurl

173 759 331 830 ‘multaque‘
341 774 443 812 meroes
455 757 526 813 unrle
538 763 629 830 potest
637 755 685 810 tibi
697 755 889 826 ‹tenuataequo
897 755 931 810 ab

173 845 235 900 loue
242 842 420 916 Neptunoque
434 842 502 896 sacri
509 841 621 896 custode
629 839 759 895 Tarenti‘.
774 842 862 912 Atque
869 856 932 895 oum

173 929 294 984 eiusdem
316 926 419 980 Horatii
436 926 561 981 uersibus
584 925 655 979 ‘siue
675 922 827 997 neglectum
844 941 934 996 genus

173 1020 200 1067 et
215 1019 329 1084 nepotes
341 1011 453 1083 respicis
470 1009 579 1065 auotor'
598 1009 681 1064 totius
696 1009 785 1081 gentis
797 1009 933 1064 Romanae

174 1096 252 1168 origo
268 1095 404 1151 oonrlitori
418 1094 496 1149 llarti
515 1093 695 1154 adscribatur,
711 1101 765 1149 tum
781 1093 848 1148 nihil
865 1110 933 1167 poe-

174 1187 292 1253 taeputo
311 1178 450 1234 obstitisse
470 1196 523 1252 quo
540 1179 628 1233 minus
643 1196 692 1251 per
707 1178 866 1255 progeniem
882 1195 934 1251 po·

174 1273 308 1322 sterorum
331 1264 469 1319 Caesarem
496 1280 604 1336 quoque
620 1262 710 1317 llartis
726 1279 825 1335 genere
842 1270 932 1317 ortum

163 1367 232 1405 esse
248 1348 349 1404 diceret
365 1347 408 1420 (ol.
421 1346 534 1403 Prelleri
544 1346 659 1420 mythol.
678 1364 744 1401 rom.
758 1366 784 1421 p.
796 1352 843 1407 391
858 1345 933 1418 ml).

173 1433 269 1489 Veneri
294 1441 383 1488 autern
399 1433 464 1487 satis
486 1430 573 1504 ampla
588 1432 647 1487 laus
669 1449 702 1486 eo
725 1432 843 1504 obtingit
859 1431 933 1504 quod

173 1519 265 1574 Martis
287 1535 347 1573 oum
371 1517 424 1572 Rea
451 1516 533 1572 Siluia
559 1516 714 1589 coniugium
733 1515 935 1578 conciliauerat,

176 1621 227 1676 qua
243 1603 325 1658 nesio
341 1601 502 1674 gloriantem
519 1601 594 1656 deam
615 1600 716 1656 Statius
734 1600 837 1656 induxit
852 1600 935 1657 silua·

90 1723 95 1734 ·
175 1706 235 1744 rum
251 1688 260 1741 l
276 1693 360 1749 2191
378 1685 456 1753 ‘Quis
473 1686 699 1760 septemgeminae
710 1685 847 1759 posuisset
860 1701 937 1740 moe·

168 1774 218 1829 nia
240 1773 350 1833 Romae.
376 1771 483 1844 lmperii
504 1770 604 1826 Latiale
627 1778 721 1843 eaput,
752 1770 802 1824 nisi
816 1769 934 1825 llarrlana

176 1860 250 1913 sunto
272 1856 393 1929 Cepisset
407 1855 534 1917 Martem,
555 1873 604 1910 nee
624 1872 666 1910 me
688 1845 864 1927 prohibente,
893 1872 936 1910 sa·

176 1941 298 1998 oerdos‘l'

218 2026 269 2081 Serl
279 2033 363 2080 restat
376 2024 534 2096 grauissima
546 2023 698 2083 difficultas,
710 2023 753 2077 eui
765 2022 859 2078 dubito
871 2039 934 2078 nnm

176 2128 251 2166 meae
262 2110 335 2165 uires
351 2109 485 2164 tollendae
501 2107 642 2169 sufficiant,
660 2107 687 2161 in
700 2115 839 2180 postremo
854 2107 936 2162 huius

177 2195 306 2268 strophae
321 2211 404 2250 uersu
421 2210 499 2266 quem
515 2193 657 2264 utriusque
672 2191 734 2246 libri
750 2193 878 2248 memoria
897 2191 936 2246 sio

176 2287 308 2335 testatur:

175 2419 253 2467 Vnrle
266 2419 385 2466 Ramnes
399 2421 427 2465 et
440 2415 562 2476 Quirites
575 2430 677 2478 proque
691 2415 767 2481 prole
780 2420 917 2480 posterum

174 2488 273 2536 Romoli
283 2491 385 2533 nrotrem
399 2487 507 2533 crearet
521 2487 548 2530 et
560 2488 686 2547 nepotem
699 2483 855 2532 Caesarem.

165 2618 200 2667 la
216 2616 316 2686 priore
339 2615 449 2687 quirlem
471 2632 554 2671 uersu
570 2614 617 2689 qui
635 2630 745 2686 perque
766 2617 873 2684 prolem
888 2631 936 2682 po·

144 2702 262 2748 exeram
279 2699 436 2772 scripsere,
471 2702 632 2760 Soriuerius
649 2709 677 2756 et
689 2696 847 2771 Lipsiensis
861 2695 952 2748 emtor
