1964 3202
312 387 498 423 rruv1u1n1vn
510 388 629 423 inunum
815 373 850 425 23⁴

92 546 146 602 que
162 528 274 585 Ramnes
287 537 314 585 et
325 529 442 596 Quirites
458 537 485 584 et
496 537 622 602 nepotem
638 529 775 586 Caesarem
787 531 848 587 inde

92 614 233 686 genuerit,
260 614 306 670 sed
322 614 516 669 Romanorum:
533 613 630 686 reliqui
646 623 735 670 autem
752 625 847 688 poetae

92 706 124 753 ut
138 715 187 770 par
202 707 260 753 erat
281 715 335 754 nou
351 697 521 772 appellauere
536 697 693 753 Romuleum
707 700 757 754 nisi
776 700 848 773 quod

92 783 241 856 pertineret
256 783 288 838 ael
304 783 397 856 ipsum
406 782 561 844 Romulum,
579 783 667 856 qualia
683 793 746 838 suut
761 793 851 840 exem-¹

92 867 137 941 pla
158 867 300 923 Roreelliui
322 868 412 923 studio
428 876 570 940 congesta:
592 867 726 930 ,Romulea
746 870 802 924 l'era
822 869 862 924 id.

90 961 134 1007 est
149 951 224 1024 lupa,
245 953 375 1009 Romuleo
392 953 518 1008 traiectus
533 951 654 1006 Amulius
669 970 747 1014 ense.
764 953 848 1009 multa

91 1036 220 1092 Romulea
239 1036 308 1092 bella
322 1045 430 1109 peraeta
441 1053 528 1096 manu,
544 1036 671 1092 Romulea
685 1054 745 1092 oasa
763 1037 790 1092 iu
801 1037 848 1092 Ca·

92 1119 203 1193 pitolio,
230 1120 360 1176 Romuleo
385 1115 478 1176 reeens
500 1120 629 1176 horrebat
650 1121 724 1194 regia
750 1121 848 1184 culmo,
925 1181 927 1186 ,

93 1204 251 1261 Romuleum
266 1205 346 1260 limen
362 1205 388 1260 iel
404 1213 445 1261 est
461 1204 604 1266 Palatium,
631 1205 752 1261 Romulei
768 1206 847 1268 muri,

92 1289 213 1345 Romulei
229 1289 325 1350 eolles,
343 1290 470 1345 Romulea
482 1289 561 1351 urbs,
581 1290 677 1362 quibus
693 1290 773 1346 addas
790 1290 848 1345 Cal·

91 1374 182 1447 purnii
199 1373 285 1446 eclog.
302 1373 359 1433 166
375 1374 479 1429 ‘Altera
500 1391 583 1445 regua
600 1374 707 1436 Numae,
731 1375 776 1446 qui
791 1375 846 1448 pri-

92 1476 151 1514 mus
168 1459 276 1514 ouantia
291 1458 370 1515 caede
381 1459 494 1531 Agmina
511 1458 646 1513 Romuleis
663 1466 690 1514 et
704 1459 790 1514 adhue
805 1477 846 1515 ar·

21 1552 25 1567 ⁸
90 1543 182 1598 ‹lentia
193 1544 289 1599 eastris
301 1543 376 1599 Panis
389 1560 458 1616 opus
471 1542 584 1599 docuit'.
601 1543 718 1598 Transeo
731 1547 847 1614 nuptias

92 1627 151 1684 illas
168 1628 309 1702 innuptas,
327 1637 358 1683 ut
373 1628 410 1682 ait
423 1627 538 1700 Lipsius,
555 1644 621 1699 quas
636 1628 756 1682 excusari
768 1627 847 1684 laeile
870 1685 874 1691 ,

90 1730 171 1786 posse
188 1713 331 1787 intellego,
356 1712 461 1768 tametsi
480 1711 591 1766 Riuinus
611 1728 665 1766 non
680 1721 740 1784 apta
759 1713 845 1768 utitur

90 1798 274 1860 excusatione,
299 1798 371 1871 quod
390 1814 415 1851 u.
432 1806 449 1856 3
467 1813 531 1851 uere
546 1796 647 1851 uerbere
661 1795 739 1852 alites
755 1797 845 1853 dican-

92 1889 151 1944 tur,
173 1881 276 1938 seilicet
291 1883 347 1938 lere
359 1883 451 1938 eadem
466 1880 650 1936 translationis
666 1879 751 1953 figura
766 1899 846 1954 quain

91 1967 179 2021 inesse
200 1966 226 2021 in
243 1985 268 2022 u.
285 1973 302 2025 4
322 1966 582 2041 suprascripsimus.
611 1967 646 2020 m
662 1965 802 2021 iustiorem
818 1967 845 2020 in

91 2049 268 2106 ollensiouem
280 2050 351 2122 feeit
374 2050 535 2107 uocabulum
549 2050 677 2105 incurrit:
698 2067 758 2105 nam
774 2050 845 2122 quod

91 2132 234 2190 Muellerus
251 2142 318 2208 p25
334 2136 460 2191 ‘uerbum
472 2135 574 2205 facere
591 2142 618 2189 et
634 2135 702 2204 fieri
715 2133 845 2190 latissima

91 2217 286 2289 significatione
310 2237 516 2292 nonnusquam
539 2218 632 2274 odiose
655 2219 681 2273 in
698 2217 844 2292 Peruigilio

90 2301 240 2358 adhibitum
255 2303 363 2376 quater'
379 2304 552 2377 reprehendit
566 2333 608 2344 -
624 2313 686 2359 sunt
702 2313 789 2359 autem
803 2321 845 2358 re·

91 2386 164 2459 liqua
185 2387 304 2462 exempla
324 2388 418 2444 haece:
435 2406 460 2443 u.
479 2397 507 2447 11
529 2389 638 2444 Pontus
651 2418 692 2428 -
705 2388 776 2459 feeit
792 2405 845 2443 un·

90 2473 204 2527 dstantem
213 2472 330 2534 Dionen,
344 2479 378 2532 23
389 2490 450 2529 rosa
460 2473 542 2543 foeta
550 2473 682 2543 Cypridis
696 2476 730 2528 de
741 2487 845 2527 eruore
913 2509 915 2514 ·

90 2560 181 2627 deque
202 2558 313 2612 Amoris
334 2559 450 2625 osculis,
477 2560 647 2629 eoquorum
670 2556 779 2628 facium
805 2558 848 2612 uti

91 2642 228 2707 chelmon,
245 2648 277 2696 ut
292 2649 387 2697 tacere
402 2643 547 2697 desinam?
563 2642 605 2696 uel
622 2642 713 2714 potius
731 2644 844 2712 qnando

88 2729 158 2798 fiam
175 2729 216 2781 uti
230 2727 359 2781 ehelidon
372 2733 399 2781 et
414 2733 509 2782 tacere
524 2728 718 2781 desinam?—
733 2726 844 2781 maxime

93 2812 143 2866 hoe
158 2810 219 2867 loeo
240 2810 449 2886 improbandum
464 2820 510 2869 est
522 2811 556 2866 iu
573 2805 873 2883 uuem'meummums·

80 2895 149 2949 sime
166 2905 208 2954 est
224 2899 421 2977 adsumptum.
456 2900 534 2971 Quia
546 2896 629 2956 eiiam
641 2882 909 2967 perpessurum
