1964 3202
308 496 494 532 nssvnemvn
507 483 626 531 ussurus
812 480 846 530 47

89 657 149 695 rurn
165 639 237 694 anth.
253 639 366 700 landon,
386 636 427 709 17)
443 644 509 692 neoto
526 639 614 708 upilio
632 639 694 691 linit
708 639 763 691 icnn
777 654 845 708 pnr-

89 727 156 780 ruln
174 727 236 779 lnce
255 724 396 790 chelidon‚
416 723 504 795 quode
518 721 660 776 Burmanni
676 723 705 775 Α.
720 722 748 776 L.
760 722 815 776 uol.
825 722 848 776 ll
865 773 869 783 ,

91 828 116 883 p·
133 818 183 869 355
204 808 336 881 inspiciat.
369 807 397 862 ln
418 807 574 862 uniuersum
592 806 661 861 enirn
677 806 848 880 posteriores
869 876 870 879 Ἰ

90 903 186 967 poetas
202 893 251 948 hae
270 909 378 965 quoqne
394 909 423 946 re
437 892 585 946 desciuisse
603 890 635 945 ali
653 891 785 946 sermonis
797 891 847 945 La·

92 979 140 1032 tini
162 977 318 1049 integritate
342 976 517 1031 obseruamus
544 984 573 1030 ut
593 975 684 1030 studio
706 983 733 1030 et
755 993 847 1032 amore

91 1063 190 1118 Graeca
207 1079 271 1134 prae
286 1061 387 1115 Latinis
403 1059 543 1115 uocabulis
558 1060 717 1133 deligerent.
752 1061 848 1132 ltaque

89 1146 266 1219 peruigilium
281 1146 327 1218 qui
341 1144 464 1218 scripsit,
480 1141 587 1227 uulgari
602 1145 739 1200 hirundini
754 1145 848 1217 exqui-

91 1232 170 1287 sitius
195 1229 324 1304 praetulit
340 1246 437 1285 nomen
452 1228 609 1284 chelidonis.
643 1230 741 1285 Verum
761 1229 846 1285 edeli-

90 1319 145 1372 dcn
163 1324 190 1370 et
205 1333 232 1370 u.
246 1321 261 1374 7
279 1315 379 1370 throno
400 1313 526 1368 extulerit
541 1331 574 1368 an
590 1316 699 1369 celidon
714 1314 806 1388 potius
819 1321 849 1368 et

90 1410 185 1461 trono,
214 1400 241 1453 in
262 1417 329 1472 ques
350 1398 498 1471 scripturas
518 1398 581 1453 libri
597 1399 786 1460 consentiunt,
802 1398 847 1454 uel

89 1493 233 1559 propterea
250 1484 392 1557 ignoratur
405 1484 477 1555 qiiod
493 1491 566 1538 actas
581 1491 677 1556 poetae
695 1501 749 1539 non
763 1483 848 1539 certis

90 1569 188 1624 finibus
211 1568 414 1641 circumscripta
435 1568 484 1623 e‘st.
519 1568 572 1622 larn
592 1585 658 1624 uero
675 1568 847 1641 quemadmo-

89 1656 152 1709 dum
168 1653 347 1709 emendandus
363 1653 406 1708 hic
427 1669 522 1707 uersus
542 1652 593 1720 sit,
615 1653 755 1726 quaeritur
769 1653 848 1708 cuius

89 1739 181 1813 priore
211 1738 238 1792 in
265 1747 342 1812 parte
368 1737 487 1804 Quartae
513 1739 583 1808 fiam
606 1745 637 1792 nt
659 1737 846 1793 cuelidonuel

90 1824 209 1892 Quando
222 1823 330 1894 faciam
346 1829 377 1878 ut
397 1824 505 1878 celidon
525 1822 642 1878 uitiosus
661 1821 777 1877 traditur
790 1822 848 1876 hia·

88 1918 133 1965 tus
149 1927 163 1963 a
180 1906 343 1963 Salmasiano
362 1916 389 1963 et
403 1907 552 1962 Pithoeano
567 1907 652 1963 libris.
671 1910 740 1962 Ante
758 1907 846 1962 omnia

89 1993 382 2064 autenrfiomequidem
393 1991 505 2047 moleste
520 1993 578 2047 lero
592 1992 748 2065 posthaberi
761 2010 775 2046 a
790 1992 848 2065 ple·

89 2078 181 2149 risque
196 2095 256 2132 curn
269 2094 355 2149 neque
368 2078 400 2131 ali
412 2076 567 2131 Snlniasiani
587 2077 748 2131 auctoritate
761 2077 847 2132 disce·

89 2161 204 2217 (leuduni
220 2162 277 2216 sine
296 2162 455 2216 necessitate
467 2162 502 2216 sit
519 2170 545 2216 et
562 2161 707 2216 uerbornrn
724 2162 846 2233 expedita

89 2245 212 2302 celeritas
240 2246 355 2319 quodanr
377 2245 457 2300 modo
482 2245 666 2319 supprimatur
687 2253 739 2300 tarn
763 2245 846 2318 longo

90 2331 220 2386 amlraetu
232 2333 347 2401 qunizdo
356 2329 465 2401 faciam
475 2338 505 2385 nt
516 2337 610 2397 tacere
623 2331 769 2385 desinunt?
784 2329 847 2385 Elli-

89 2416 221 2471 eaciorenn
236 2424 309 2470 certe
324 2415 474 2470 orationem
489 2414 608 2475 halieltis,
624 2415 645 2469 si
662 2422 692 2469 nt
709 2415 735 2468 in
746 2422 773 2469 et
786 2432 848 2469 cor·

89 2508 164 2555 recto
182 2498 538 2572 approliaucrisSalinasiani
557 2499 740 2554 testinnonium
755 2517 845 2570 precii·

89 2587 124 2640 (Io
142 2585 210 2654 finnt
227 2590 257 2638 ut
276 2585 404 2640 chelidon
420 2591 447 2638 et
463 2593 558 2640 tacere
574 2587 719 2639 desinam?
752 2585 846 2640 lliatus

91 2669 202 2725 tollendi
218 2687 311 2724 eairssa
328 2684 378 2740 epo
395 2669 498 2741 prinrus
519 2669 846 2742 interposuitSalmasius‚

89 2755 135 2810 sed
155 2754 213 2809 siue
231 2762 292 2809 ante
308 2753 365 2808 siue
382 2762 444 2827 post
457 2756 526 2824 fiunt
542 2755 686 2816 inseritur,
702 2772 801 2810 uereor
816 2763 847 2809 ut

88 2838 202 2895 mollitie
218 2856 391 2894 numerorum
408 2839 520 2912 insignis
535 2846 616 2912 poeta
631 2839 700 2894 hanc
716 2838 853 2917 sitim·
902 2864 906 2870 -

89 2941 148 2979 rnrn
172 2925 299 3000 deinceps
325 2922 497 3002 syllabarum
515 2923 669 2981 elisionem
693 2915 887 2970 concessus.
902 2994 916 3003 ἱ

77 3007 246 3085 Neclligleri
254 3014 466 3080 coniecturam,
480 3013 533 3089 unii
544 3015 582 3067 nt
592 3013 666 3064 onte
677 2984 907 3057 chelimxxm
