1964 3202
314 379 500 414 ruavmmvu
513 379 632 414 vnnurus
818 361 854 412 25

97 519 221 575 binarum
243 537 303 575 oum
317 519 444 575 Romanis
461 520 633 575 matrimonio
650 519 779 575 Venerem
794 532 865 575 ere·'

94 621 154 660 asse
169 612 293 677 nepotem
309 604 447 661 Caesarem
463 605 654 677 subiungeret?
668 604 754 659 Porro
769 621 853 659 uersu

95 694 131 748 73
151 689 356 745 uniuersitatem
372 689 467 763 populi
487 689 599 745 Romani
617 689 739 744 uidemus
760 690 787 743 in
801 688 852 743 Ra-

96 790 170 829 mnes
190 782 216 828 et
233 772 351 839 Quirites
367 767 508 836 distribui,
529 791 645 846 quorum
658 773 785 828 notiones
802 784 853 828 n'o·

95 858 195 913 minum
211 865 241 912 ut
257 857 436 930 probabiliter
446 858 620 921 ‚euoluantun
637 857 795 913 statuendus
810 864 852 913 est

94 951 175 1015 poeta
191 943 336 998 secundum
351 942 484 998 Romanae
497 943 627 998 historiae
637 942 791 997 memoriam
807 940 853 1014 (ol.

94 1026 187 1082 liuius
207 1027 216 1080 Ι
234 1036 272 1086 13.
302 1031 341 1086 17.
358 1025 402 1098 33)
420 1035 528 1082 ueteres
544 1045 575 1082 ae
597 1026 701 1082 nohiles
715 1026 852 1082 Romanos

95 1105 234 1185 separasse
245 1129 259 1166 a
269 1111 429 1183 peregrinae
440 1111 527 1184 plebis
537 1111 650 1184 ignobili
663 1111 851 1166 multitudine:

95 1197 147 1250 iam
164 1213 229 1251 uero
253 1196 298 1268 qui
323 1194 381 1250 fieri
399 1203 491 1268 potest
505 1204 536 1251 ut
550 1197 602 1252 hoc
618 1196 691 1257 loeo,
717 1213 770 1268 quo
787 1212 852 1268 pro·

94 1281 170 1354 priae
184 1280 273 1352 gentis
288 1280 421 1336 Romanae
437 1279 543 1335 laliulae
557 1280 705 1354 populares
720 1297 852 1335 exornau-

94 1374 148 1426 tur.
158 1363 223 1420 celsi
240 1363 278 1419 illi
286 1364 406 1426 Ramnes,
416 1365 462 1438 qui
474 1374 536 1420 ante
548 1365 664 1421 adscitos
674 1365 700 1419 in
712 1365 850 1420 ciuitatem

96 1443 209 1504 Sailiiuos
225 1448 330 1504 Romuli
347 1449 487 1522 imperium
503 1450 695 1511 leudoneram,
709 1450 792 1504 creati
810 1449 852 1503 di-

94 1541 191 1590 cantur
214 1551 245 1588 ex
268 1535 447 1589 Romanorum
470 1543 497 1589 et
522 1534 679 1589 Sabinarum
704 1534 849 1605 coniugio?

94 1619 188 1674 Videas
203 1619 282 1674 etiam
297 1619 405 1674 Beckeri
421 1619 596 1692 antiquitates
615 1620 690 1675 Rom.
705 1617 727 1672 ll
744 1627 758 1677 l
774 1637 800 1691 p.
816 1625 852 1675 24
905 1646 908 1651 ‚

95 1721 120 1758 n.
136 1710 179 1764 36.
209 1706 297 1776 Atque
312 1703 528 1761 omninoeunoti
551 1703 645 1777 populi
668 1702 779 1758 Romani
801 1703 851 1757 ini-

97 1789 146 1850 tia,
166 1790 219 1845 lroo
241 1796 282 1844 est
301 1788 415 1843 Ramnes
437 1796 464 1842 et
484 1788 602 1855 Quirites
620 1789 767 1861 quomodo
784 1788 852 1843 seri·
882 1788 884 1793 '

92 1873 292 1947 ptoriRomano
305 1873 406 1928 referre
416 1873 448 1927 ad
461 1872 617 1928 Sabinarum
634 1880 740 1944 raptum
756 1870 851 1927 licuit?

93 1958 211 2030 llenique
235 1964 349 2012 crearet
367 1965 392 2011 u.
408 1962 445 2016 74
459 1957 564 2013 duabus
590 1957 672 2029 arcipi
697 1949 849 2013 rationibus

94 2049 194 2115 potest,
207 2058 272 2114 quas
287 2050 349 2096 ante
360 2042 412 2097 iam
425 2041 608 2113 iudicauimus,
624 2049 718 2096 neutra
731 2058 796 2095 uero
808 2058 850 2096 sa·

96 2126 131 2181 tis
147 2125 228 2180 bene:
242 2143 302 2180 nam
318 2125 340 2181 si
355 2125 496 2181 Romuleas
514 2124 849 2181 intellexerisRomulinu·

95 2210 181 2284 ptias‚
199 2211 310 2266 uerbum
331 2209 397 2264 illud
415 2211 447 2265 ad
463 2210 605 2266 Romulum
620 2209 767 2283 pertinebit
785 2211 850 2266 sim·

95 2295 210 2368 pliciter,
226 2283 272 2367 'qui
287 2311 373 2367 neque
388 2295 526 2350 ciuitatem
542 2295 685 2350 Romanam
701 2311 750 2350 nec
765 2312 850 2368 nepo·

96 2388 149 2436 tem
172 2380 309 2434 Caesarem
332 2379 392 2434 inde
407 2380 562 2452 procreauit
583 2397 671 2452 neque
689 2379 798 2434 omnino
817 2379 851 2434 li·

95 2465 176 2520 horos
192 2463 293 2518 lialmit.
324 2463 370 2518 Sin
386 2472 474 2519 autem
490 2465 598 2538 nuptias
618 2464 782 2520 intellexeris
798 2465 850 2519 Ro·

95 2566 250 2610 manorum‚
270 2556 403 2619 tamquam
420 2547 623 2610 Romuleorum,
642 2549 699 2622 ipsa
715 2548 850 2619 signitica-

95 2643 140 2689 tur
157 2634 257 2694 lenus,
273 2649 341 2704 [puae
357 2650 435 2705 quam
450 2641 512 2705 apte
528 2634 679 2689 Aeneadum
697 2633 739 2688 uel
755 2634 850 2689 Caesa·

95 2737 153 2773 rum
169 2718 291 2791 genetrix
311 2725 437 2778 uocatur,
456 2726 507 2773 tam
521 2717 589 2772 male
607 2736 621 2774 e
636 2717 771 2773 Romuleis
786 2735 847 2774 cum

95 2803 200 2858 Salrinis
220 2802 322 2877 nuptiis
338 2802 453 2860 Ramnes
472 2809 501 2860 et
518 2801 646 2871 Quirites
664 2818 779 2855 measse
797 2800 869 2847 Rxs'x·

86 2894 139 2941 tur.
168 2888 266 2964 ltaque
286 2908 344 2949 non
361 2901 441 2952 reete
458 2911 488 2952 u.
502 2896 545 2954 ‘ta
557 2898 591 2948 ot
600 2895 643 2950 'ta
655 2880 823 2960 presedere
836 2869 900 2919 esx-
