1964 3202
314 393 500 430 renmermvu
512 393 631 428 smirnam
818 378 852 426 27

95 536 260 591 Scriuerium
276 535 488 608 praetermittam
510 534 554 606 qui
571 542 659 589 ruente
675 541 770 607 eaptus
786 533 851 590 hacc

93 620 289 677 commendauit
299 621 519 690 Romulumque:
535 635 598 674 cum
611 618 724 673 Sabinis
733 622 796 688 ipsu
806 617 851 690 fe-

94 707 132 759 cit
149 707 279 774 nuptias,
307 703 420 758 uiolauit
442 712 540 776 purum
560 720 712 758 sermonem
726 703 850 758 latinum

93 789 221 844 Pithoeus
243 787 386 859 (immerito
408 795 497 843 autem
518 788 567 844 hac
588 787 714 860 inculpa
734 804 851 860 posuere

92 873 213 946 Lipsium
229 872 417 945 interpretes),
438 889 498 926 cum
515 879 626 927 ‘uersus
646 872 778 927 rationem
797 872 851 927 exi·

93 974 158 1030 gere
169 965 200 1012 ut
214 957 348 1012 scribatur
357 957 544 1012 Romulueus'
557 957 706 1010 adnotaret.
723 956 776 1027 Nee
788 974 851 1029 pro·

93 1041 209 1097 habilius
224 1040 348 1114 Riglerus
371 1040 515 1114 proposuit
530 1041 701 1096 Romulares
723 1041 850 1095 ‘lo'rmam

95 1134 158 1183 tunc
181 1127 312 1194 temporis
336 1125 460 1199 pluribus
486 1125 626 1180 usitatam'
647 1133 716 1180 teste
739 1124 849 1188 Orellio,

93 1212 140 1266 sed
162 1228 214 1283 qua
235 1226 313 1266 nemo
334 1228 399 1265 usus
421 1217 461 1265 est
478 1214 539 1265 ante
554 1217 710 1282 corruptam
727 1211 798 1265 omni
819 1227 850 1265 ox

93 1289 170 1368 parte
186 1295 317 1349 sermonis
333 1295 515 1367 integritatem
536 1295 588 1348 nisi
605 1294 651 1366 qui
666 1293 744 1349 ficum
760 1295 851 1350 Rumi-

93 1379 181 1434 nalem
206 1379 268 1434 olim
289 1379 459 1434 Romularem
487 1387 609 1434 uocatam
637 1395 696 1433 esse
718 1378 851 1435 linxerant

93 1464 126 1518 ad
150 1463 256 1519 obscuri
278 1464 394 1518 nominis
424 1463 555 1536 originem
576 1462 770 1534 illustrandam.
807 1464 850 1519 Li·

93 1549 304 1622 psiensisautem
320 1548 407 1603 editor
422 1549 494 1621 quod
509 1547 759 1603 inuenitRououlus
769 1555 806 1618 et,
823 1549 850 1603 id

92 1634 204 1689 maxime
225 1634 305 1690 etiam
322 1633 529 1706 uituperandum
551 1635 606 1694 est,
632 1649 686 1688 non
712 1650 765 1704 quo
785 1649 849 1688 uere

93 1719 143 1774 hoc
160 1736 244 1791 aeque
264 1719 395 1774 incertum
417 1726 498 1790 atque
513 1717 685 1772 Romulares
701 1716 794 1773 l'reius
810 1718 850 1772 di·

92 1804 174 1864 uerit,
196 1804 322 1876 quoniam
337 1800 450 1858 Romula
464 1801 544 1857 tellus
563 1802 632 1874 apud
648 1801 794 1874 Vergilium
812 1801 850 1857 le-

92 1888 167 1960 gitur
179 1896 205 1940 et
217 1887 344 1942 Horatius
354 1888 505 1958 Augustum
520 1885 676 1957 adloquitur
693 1886 779 1941 ‘Biuis
791 1894 850 1941 orto
935 1913 938 1921 ·

93 1971 186 2030 honis,
213 1970 314 2043 optime
329 1969 456 2024 Romulae
479 1977 572 2025 custos
591 1970 702 2041 gentis’,
725 1971 772 2024 sed
788 1970 850 2042 quia

93 2057 155 2124 ipsu
173 2070 322 2128 pronomen
348 2062 428 2125 poeta
451 2069 504 2125 quo
525 2053 626 2108 maiore
649 2053 677 2108 ui
699 2054 849 2115 efferretur,

94 2156 200 2212 sempor
219 2125 381 2192 ἀσύνδετον
397 2154 455 2192 esse
472 2135 576 2198 uoluit,·
597 2136 752 2210 copulatiua
767 2139 851 2210 parti·

91 2223 151 2279 cula
170 2222 304 2296 superiori
329 2220 475 2298 enuntiato¹
495 2220 615 2276 adiunxit
644 2239 790 2294 nusquam:
818 2223 850 2279 de

94 2303 160 2381 quo
174 2307 287 2362 artificio
311 2306 362 2361 iste
387 2305 477 2360 editor
499 2323 553 2361 non
581 2305 726 2362 obseruate
755 2325 850 2380 parum

92 2402 169 2448 caute
191 2391 313 2447 detraxit
350 2389 477 2446 Conleras
499 2408 595 2446 uersus
618 2397 701 2452 1314
723 2400 754 2451 15
767 2398 800 2450 22
817 2399 851 2453 28

93 2476 197 2550 (4041)
213 2484 247 2537 49
262 2482 296 2534 63
312 2482 345 2536 69
362 2481 397 2535 70
411 2474 465 2546 (77)
479 2481 513 2535 78
523 2481 565 2536 79.
584 2475 616 2532 Et
627 2476 761 2531 utlrorum
777 2477 852 2533 uiro·

93 2581 152 2618 rum
179 2578 260 2634 opera
283 2560 383 2615 frustra
408 2560 473 2622 luit,
505 2560 541 2615 itu
562 2561 676 2634 posthac
698 2561 850 2634 quicunque

92 2647 233 2702 emendare
252 2646 405 2700 Romuleus
419 2645 571 2707 tentabunt,
588 2663 687 2701 uereor
700 2662 734 2700 ne
744 2645 851 2718 pericli·

91 2739 183 2787 tantur
200 2732 267 2785 larna
291 2729 405 2802 ingenii:
434 2738 521 2786 totum
542 2730 612 2786 enim
633 2729 797 2786 uersiculum
817 2737 855 2788 'lu

91 2817 188 2870 iterum
212 2833 371 2872 commoneo
399 2815 520 2873 carmine
546 2812 786 2870 summouendum
803 2821 884 2856 esss-

82 2898 139 2964 Ouo
161 2901 236 2957 lacto
261 2921 334 2977 quae
351 2904 443 2962 uerita
460 2904 604 2976 deinceps
620 2896 825 2955 simsecxmm
838 2886 912 2927 W·
