1964 3202
310 388 495 423 eunvmrmvn
507 387 626 421 vennere
813 372 846 424 33

88 529 189 603 quibus
204 529 302 603 Paphie
320 530 460 586 uocabulis
481 527 634 602 appellatur
660 528 684 583 in
711 524 845 606 rttvlltp

89 631 167 670 rosae
183 614 254 688 quod
270 615 341 670 inter
355 614 509 671 Ausoniana
529 613 617 668 editur
632 613 694 668 xlv.
719 614 747 668 lu
764 631 847 670 uersu

87 706 179 754 autem
196 705 227 758 21
244 699 297 754 duo
314 701 396 756 uerba
412 699 477 755 mibi
493 698 614 771 persuasi
628 715 683 753 non
694 708 766 754 recte
783 698 845 772 legi,

90 800 250 856 quamquam
272 785 402 840 editorem
424 783 528 840 nullum
551 783 733 844 offenderunt,
749 772 789 839 ¹ne
804 784 846 838 Li-

88 869 223 940 psiensem
234 868 339 940 quidem
353 870 398 942 qui
412 869 438 924 in
450 867 580 942 proximis
594 867 718 922 uersibus
730 869 796 924 adeo
806 869 846 923 in·

87 952 187 1024 eptiuit
206 960 236 1007 ut
258 953 424 1008 miserandus
447 952 532 1023 magis
554 968 633 1023 quam
654 951 780 1007 ridendus
801 954 845 1009 sit.

97 1037 225 1108 Vlrpines
240 1037 310 1092 euim
326 1036 439 1111 papillas
456 1052 540 1110 praue
556 1035 662 1108 Lipsius
681 1037 790 1110 scripsit
808 1038 847 1093 in-

91 1128 256 1194 terpretatus
273 1123 407 1177 ‘nondum
422 1137 565 1194 oppressas
583 1127 610 1175 et
625 1121 755 1183 maritas’‚
779 1139 846 1194 qnae

86 1205 243 1263 coniectura
269 1206 356 1261 uirum
385 1207 519 1263 eruditum
541 1222 597 1260 non
620 1205 740 1261 excultae
762 1207 846 1262 luisse

89 1290 240 1362 elegantiae
256 1291 382 1346 ostendit.
412 1290 520 1352 Flores,
546 1290 592 1363 qui
613 1290 691 1345 nodis
707 1290 846 1364 explicatis

91 1391 150 1429 sese
166 1374 285 1446 pandunt
297 1382 326 1431 ut
338 1375 411 1449 pleni
423 1375 603 1437 efflorescant,
615 1376 753 1448 componit
767 1385 847 1449 poeta

89 1476 150 1514 cum
164 1459 314 1530 uirginibus
328 1478 395 1533 quae
406 1468 506 1534 nuptae
522 1466 625 1514 uestem
640 1459 750 1515 soluunt
765 1469 846 1534 atque

90 1543 219 1616 papillas:
240 1544 330 1616 itaque
345 1545 466 1618 uirgines
490 1542 611 1616 intellegi
631 1553 739 1616 oportet
756 1544 846 1607 ssores,

91 1629 227 1702 quomodo
248 1628 403 1702 planissime
424 1647 450 1684 n.
466 1635 500 1686 ll
517 1631 644 1699 carpineo
656 1644 740 1684 roone
754 1629 847 1685 ‹licun-

91 1722 143 1775 tnr,
162 1711 277 1787 papillae
293 1723 390 1777 autem,
408 1715 433 1768 id
451 1722 493 1769 cst
508 1713 572 1768 nodi
588 1712 694 1774 ssorum,
710 1724 847 1787 nequeunt

88 1798 211 1870 uirgines
223 1798 360 1871 appellari,
378 1800 424 1854 sed
442 1799 588 1871 nirgineae.
615 1798 696 1868 dtqui
712 1798 739 1852 in
756 1798 848 1854 ambo·

90 1882 140 1938 bus
155 1883 293 1938 codicibus
306 1884 447 1956 perspicue
464 1899 620 1955 expressum
633 1890 674 1936 est
691 1885 845 1954 vimineae,

90 1976 121 2022 ut
142 1984 236 2021 caussa
254 1984 322 2038 (puae
342 1967 482 2040 Lipsianae
503 1966 660 2021 mutationis
686 1967 767 2022 luerit
782 1967 847 2022 mibi

91 2068 146 2105 non
167 2058 303 2123 appareat.
335 2053 375 2105 An
395 2050 473 2105 metri
495 2049 581 2122 gratia
599 2050 694 2105 lactum
716 2067 772 2105 eam
788 2068 848 2107 esse

92 2143 118 2190 et
143 2135 284 2207 probatam
310 2133 424 2208 reliquis
452 2133 577 2189 omnibus
604 2134 784 2190 arbitremur?
813 2138 847 2190 At

92 2219 155 2291 quid
172 2228 250 2292 poeta
272 2219 299 2273 in
316 2237 390 2274 mora
406 2219 514 2280 babuit,
541 2218 683 2290 quominus
699 2221 848 2292 spondeum

93 2320 172 2376 [luem
196 2304 221 2358 iu
243 2303 330 2359 altero
358 2304 482 2377 dipodiae
504 2304 571 2377 pede
597 2319 699 2376 ponere
727 2305 847 2360 trochaei

90 2387 152 2444 loco
168 2388 293 2443 adsuerat
308 2396 475 2463 permutaret
490 2387 598 2461 dactylo
619 2387 662 2443 uel
683 2391 848 2462 anapaesto?

90 2475 243 2546 Anapaesto
259 2474 385 2529 utebatur
399 2492 423 2529 u.
433 2479 467 2534 76
484 2491 557 2528 rura
572 2473 707 2528 Venerem
719 2473 776 2529 sine
794 2473 848 2529 ulla

89 2557 267 2619 dubitatione,
285 2559 392 2614 uidetur
407 2576 472 2613 usus
484 2575 543 2613 esse
559 2576 585 2613 u.
603 2564 637 2618 ‘23
649 2557 733 2629 sacto
748 2559 847 2630 Cypri-

89 2645 149 2698 dis:
173 2642 295 2716 dactylus
311 2652 352 2698 est
371 2661 397 2698 ιι.
416 2651 448 2701 ltl
464 2645 539 2697 inter
554 2649 581 2697 et
598 2644 672 2713 bipe-
687 2650 714 2697 et
730 2660 755 2697 u.
774 2648 804 2703 17·
821 2644 847 2698 in

91 2728 208 2783 secundo
225 2728 292 2800 pede
307 2745 400 2783 versus
416 2744 451 2783 en
467 2730 573 2783 niteant
594 2729 696 2787 locri,
718 2745 807 2796 duem
820 2745 861 2775 ex

91 2811 209 2868 lubidine
221 2813 373 2870 Scrinerius
388 2814 427 2873 sic
435 2813 575 2871 mutauit:
589 2812 741 2868 tucrtmue
757 2804 889 2872 ‘irecense==

81 2894 140 2959 (ltro
168 2899 295 2974 exemplo
324 2921 390 2961 cum
424 2917 517 2960 mane
551 2898 692 2971 caquiue·
719 2887 758 2941 sn
783 2878 916 2946 blffiffi

748 2991 773 3039 ”o
