1964 3202
355 383 539 418 rnnvrormvn
552 383 671 418 vannius
857 365 889 416 37

136 528 262 581 uocatiuo
285 533 314 579 nt
335 525 478 580 Salmasius
499 524 633 580 statuebat
655 532 762 597 poetam
779 523 888 595 adloqui

137 611 221 684 ipsam
237 627 326 665 rosam
345 619 433 664 ratus:
449 610 476 664 in
490 608 638 664 Pitlroeano
656 625 716 663 cum
733 610 835 663 morito
851 607 889 662 le·

136 703 224 767 gatur‚
243 694 386 751 infeliciter
400 695 501 748 anarite
515 693 644 749 Pithoeus
656 701 682 748 et
695 693 782 748 llouza
795 693 891 746 mariti

136 781 209 834 nodo
226 786 269 833 ‘ut
285 779 320 832 sit
335 764 424 848 bipe'v’
445 785 587 832 tentarant.
616 778 708 848 Neque
730 777 756 831 in
776 774 890 831 transla-

137 864 211 918 tione
223 863 268 918 illa
281 862 424 934 quidquam
437 861 605 917 desideratur
616 868 722 935 praeter
733 862 784 917 hoc
798 877 889 922 unum,

73 948 78 961 '
137 949 242 1003 cuinam
266 946 366 1001 nubere
384 947 454 1001 iussa
475 945 601 1002 ruborem
622 963 683 1001 rosa
699 944 796 1001 soluat.
825 944 891 1001 Eece

140 1032 187 1087 tibi
204 1031 360 1086 Salmasiani
379 1031 442 1085 liaeo
459 1031 681 1103 scripturalium,
700 1047 750 1102 qua
767 1029 830 1102 quid
847 1046 892 1085 eo-

138 1116 219 1190 gitari
241 1116 327 1189 possit
349 1115 499 1187 elegantius
521 1131 575 1169 nun
597 1112 741 1186 intellego:
769 1121 836 1170 noto
852 1111 891 1169 vel

139 1209 247 1261 austro,
272 1199 362 1272 tepido
376 1208 459 1272 ‘atque
474 1200 600 1255 humecto
616 1207 694 1254 vento
709 1199 812 1254 nubens
828 1196 892 1254 lolia
925 1211 930 1217 '

139 1303 186 1341 sua
203 1284 328 1358 expandit
342 1302 412 1340 rosa.
444 1284 509 1338 Nam
528 1284 554 1338 in
567 1283 750 1358 compluribus
765 1284 834 1357 apud
846 1300 893 1338 ua-

140 1371 195 1424 rios
218 1368 336 1442 populos
359 1376 438 1441 atque
464 1368 544 1425 etiam
568 1370 728 1425 nostratium
751 1377 892 1443 poetarum

139 1453 300 1510 carminibus
318 1454 383 1508 liaeo
405 1454 492 1525 imago
515 1454 666 1525 reperitur,
692 1462 722 1509 ut
745 1470 823 1508 aurae
849 1452 892 1507 uel

140 1539 214 1594 uenti
230 1555 344 1610 aprorum
367 1538 419 1593 leni
441 1538 533 1593 alllatu
558 1538 638 1593 [lores
660 1538 811 1594 mulcentur
827 1544 893 1591 tam·

141 1640 221 1696 quam
230 1631 362 1678 amatores
378 1640 471 1678 eorum
484 1624 609 1678 maritiue
622 1623 793 1695 ellingantur.
810 1620 892 1688 Quam

74 1724 81 1736 ⁴
140 1707 395 1780 eanrlemPeruigilii
407 1708 568 1781 scriptorem
581 1708 618 1764 sic
633 1707 795 1781 expressisse
807 1706 892 1762 audeo

138 1792 291 1849 adfirmare:

158 1949 218 1980 eras
232 1933 363 1991 ruborem,
379 1933 424 1995 qui
436 1931 543 1980 latebat
555 1938 632 1980 ueste
647 1936 735 1981 tectus
749 1933 840 1995 ignea,

156 2001 237 2048 unico
251 2007 308 2049 noto
322 2000 422 2047 nrarita
434 2015 488 2047 non
500 1999 613 2063 pudebit
627 2000 741 2048 soluere.

97 2170 101 2180 ,
140 2130 239 2186 lnuerti
253 2147 349 2204 nempe
367 2132 472 2184 morito
487 2138 514 2185 et
530 2137 595 2185 noto
610 2129 754 2186 uerborum
773 2128 892 2185 ordinem
934 2200 937 2208 Ι

142 2232 251 2269 neeesse
267 2209 317 2275 est,
342 2215 413 2287 quod
430 2215 507 2287 prior
522 2215 601 2269 huius
619 2213 720 2287 syllaba
735 2213 891 2286 corripitur.

142 2298 260 2370 Vestigia
281 2307 369 2354 autem
391 2299 623 2354 transmutationis
644 2298 782 2353 alibrario
802 2297 892 2370 prole·

141 2383 297 2438 ctaeneseio
310 2400 343 2437 an
358 2385 501 2439 etiamnum
515 2383 684 2458 incorruptis
692 2382 893 2454 litterissuper·

141 2467 204 2528 sint,
220 2467 317 2540 quibus
333 2468 417 2540 prima
435 2469 488 2523 duo
501 2468 579 2523 istius
593 2486 688 2524 uersus
700 2466 830 2522 uocabula
842 2474 894 2521 ter·

141 2552 290 2612 minantur,
306 2569 366 2606 num
383 2555 466 2607 unico
482 2555 586 2608 morito
602 2552 793 2613 Salmasianus,
810 2553 893 2606 unico

142 2639 245 2691 morito
260 2636 423 2691 pithoeanus
438 2637 569 2692 exhibeat.
586 2639 665 2692 Noclo
681 2655 745 2692 uero
761 2637 833 2709 quod
852 2629 894 2690 esb

142 2722 167 2775 in
189 2721 350 2782 t'ittioeanu
376 2721 459 2776 eidem
481 2722 567 2776 errori
591 2721 720 2780 debetur,
740 2739 798 2787 uus
816 2729 905 2768 ms

63 2870 65 2876 Α
140 2808 228 2861 leodos
243 2807 268 2861 in
288 2813 368 2863 notos
387 2813 415 2863 et
430 2813 504 2864 totos
520 2793 968 2894 beprauaturnsssextxpwgk

89 2896 110 2905 '¹
132 2907 195 2948 ”³¹¹¹
220 2912 276 2970 ‘lun
295 2895 415 2974 saepius
431 2893 519 2953 illum
533 2892 644 2947 lotum
654 2870 826 2955 QQWWQ‘
845 2872 887 2904 ess
