1964 3202
320 363 508 398 rnnvrcrmvu
521 364 640 398 vnnnnrs
830 349 860 400 13

102 503 250 559 claudicare
271 512 415 577 anapaesto
437 505 524 578 prima
548 505 642 559 tertiae
658 505 781 577 dipodiae
797 506 859 560 sede

101 588 193 661 posito
215 605 265 660 pro
288 589 421 644 trochaeo
435 588 480 644 uel
498 589 612 644 tribreui
629 589 770 644 Schulzius
786 599 860 645 recte

101 672 214 727 monuit.
244 672 336 745 Neque
357 673 380 728 si
402 672 448 746 qui
472 682 518 728 aut
537 673 664 728 metricae
686 674 752 728 artis
767 674 859 746 paullo

101 758 293 812 accuratiorem
311 757 361 811 sibi
379 758 503 813 notitiam
519 758 718 831 comparauerit
740 768 785 813 aut
801 759 860 813 uni·

101 857 211 897 uersum
226 841 278 896 boc
293 858 399 896 carmen
414 841 799 915 diligentiusperlustrauerit
815 842 860 898 uel

100 926 171 981 bunc
183 942 293 981 uersum
310 926 430 981 tuebitur
444 926 488 981 uel
504 945 530 982 u
541 935 572 986 35
593 928 679 982 Totus
693 930 759 982 cst'
749 946 788 1007 zu
794 946 860 993 „sor

99 1012 267 1087 nitidem,
289 1013 403 1081 quoodo
426 1013 520 1067 traduc
535 1018 576 1066 cst
592 1012 683 1066 Amor
696 992 859 1083 (Seliulzium

90 1086 170 1151 enim
187 1095 308 1150 codicum
327 1096 489 1168 scripturam
503 1098 621 1152 literanis
638 1096 804 1152 obtinentem
821 1095 860 1150 ni-

100 1179 138 1235 hil
164 1178 266 1250 rnoror)
295 1197 374 1252 quem
403 1180 554 1237 Scriuerius
585 1180 790 1254 Bouberiusque
822 1180 861 1236 sie

102 1264 301 1337 transponendo
314 1266 489 1321 emendarunt
497 1268 549 1321 Est
561 1268 590 1320 io
602 1269 690 1320 ermis
702 1273 775 1321 totus
787 1268 860 1321 idem

100 1351 214 1421 quando
229 1351 322 1404 nitidus
339 1357 380 1404 cst
396 1352 492 1418 Amor,
509 1349 554 1405 uel
570 1367 596 1404 u.
614 1360 645 1408 ὁὸ
661 1351 748 1405 Iussit
765 1359 861 1405 omncs

100 1435 227 1488 occidere
250 1436 362 1503 poteri
381 1443 473 1490 neuter
496 1436 572 1490 olitis
593 1434 718 1508 anonymi
739 1435 861 1507 Lipsien-

100 1519 137 1574 sis
158 1517 274 1573 stultitia
296 1519 471 1592 deprauatum
495 1535 574 1592 quern
603 1527 684 1592 poeta
706 1519 801 1574 lenisse
824 1518 861 1572 ita

99 1602 287 1677 potestIuscit
302 1620 397 1659 omnes
409 1606 535 1660 assidere
551 1611 643 1658 mater
655 1606 730 1659 olitis
745 1605 799 1669 dei,
817 1601 860 1657 uel

100 1706 125 1743 u.
143 1695 174 1748 91
189 1688 310 1754 Perdidi
323 1688 435 1744 Musam
450 1691 570 1744 tacendo
588 1705 652 1743 occ
667 1703 715 1743 mc
729 1687 861 1742 Pbocbuc

99 1775 230 1843 respicit,
253 1773 330 1828 euius
344 1773 541 1829 correctionem
558 1772 698 1828 Sclmlzius
715 1773 782 1827 lianc
797 1790 860 1844 pro·

100 1858 191 1930 posuit
210 1872 309 1929 meque
330 1859 461 1913 Phoebus
483 1860 608 1927 respuit,
638 1856 857 1930 probabiliorem,

99 1951 174 2015 puto,
197 1943 224 1997 in
246 1943 445 1998 commentariis
460 1942 549 1998 Riuini
567 1942 727 1997 Tliomasius
745 1956 797 1995 uec
818 1956 860 1994 mc

98 2028 197 2096 Apollo
213 2029 340 2096 respicit.
371 2027 481 2082 Versum
497 2034 586 2082 autern
600 2033 634 2086 62
647 2025 780 2081 Sanadoni
796 2024 860 2079 olim

99 2120 127 2166 et
141 2128 227 2184 nuper
242 2111 389 2183 Lipsiensis
400 2111 512 2167 editoris
525 2109 707 2165 insulsitatem
721 2119 860 2182 expertum

100 2212 133 2250 ne
146 2213 226 2268 posse
241 2195 348 2269 quidem
357 2197 490 2251 contendo
504 2195 648 2255 emendari,
662 2194 723 2266 quia
737 2201 861 2266 transpo-

100 2280 160 2334 sitis
176 2279 315 2335 uoeab'ulis
328 2281 437 2335 omnino
450 2278 516 2334 nibil
532 2278 658 2340 efficitur,
676 2295 764 2350 neque
778 2278 860 2332 uerba

100 2365 157 2438 ipsa
175 2364 273 2420 debent
288 2357 445 2426 mutumne
463 2373 556 2438 pereat
568 2364 685 2419 imitatio
699 2362 860 2434 l'ergiliana.

99 2449 164 2504 Nam
189 2448 234 2522 qui
255 2448 320 2504 baec
344 2449 466 2522 scripsit,
495 2458 588 2522 aperte
614 2449 734 2503 imitatus
760 2447 860 2519 Vergili

100 2533 252 2606 Georgicon
267 2533 286 2587 ll
301 2539 366 2593 327:
387 2533 456 2589 Tum
464 2541 552 2604 poter
569 2535 745 2603 omatipotcus
758 2531 861 2601 sccun-

100 2620 143 2673 dis
158 2619 293 2672 iiiebribus
302 2618 408 2673 Aether
423 2619 554 2690 Coniupis
572 2620 600 2672 iu
615 2619 755 2689 premium
769 2617 861 2670 laetae

101 2705 246 2758 descendit
266 2708 294 2757 cl
315 2704 597 2775 omnicMopuus
622 2704 708 2768 ulit,
733 2717 860 2771 mopno

100 2790 507 2859 commixtuscorporc
537 2788 588 2858 set
592 2803 655 2851 us
676 2785 879 2838 somus

94 2871 202 2928 iudicio
222 2892 277 2931 non
303 2876 477 2934 sententiam
496 2873 586 2932 medo
604 2870 728 2925 eandem
744 2860 802 2911 sen
818 2861 912 2901 sxxsxxx
