1964 3202
138 431 171 484 34
315 461 317 464 ⁴
357 449 543 484 enarraturum
556 450 675 484 vernans

139 591 219 646 huius
236 599 331 664 poetae
347 609 397 645 usu
413 608 467 645 uon
484 592 569 664 magis
585 590 700 647 alienum
715 610 774 648 esse
791 591 899 649 eluceat

139 693 218 748 quarn
239 693 254 730 a
274 675 409 731 communi
432 674 493 748 lege
508 692 649 737 uersuum,
681 677 748 730 nihil
766 680 896 750 estquod

138 760 269 815 librorum
290 762 478 815 auctoritatem
495 761 657 816 deseramus.
692 761 789 816 Verum
810 771 899 818 restat

139 845 166 899 in
182 846 276 901 eodem
292 862 373 900 uersu
394 846 517 900 mendum
537 846 609 917 quod
629 846 731 900 utinam
748 847 898 902 1111111111-

138 928 238 986 uilitate
255 929 352 985 tollere
370 945 478 1003 possem
494 947 546 1001 qua
567 930 631 983 mihi
647 931 797 1003 patefacere
817 931 897 987 licet:

137 1015 264 1069 humenti
284 1015 353 1070 enim
375 1031 429 1068 non
446 1014 555 1087 scripsit
570 1022 659 1087 poeta.
691 1015 805 1087 Largior
819 1015 896 1088 equi·

137 1100 196 1154 dem
214 1099 335 1173 potuisse
352 1098 418 1160 tieri,
435 1107 465 1153 ut
479 1099 708 1172 postsuperiores
723 1098 784 1154 iilos
797 1116 898 1156 uersus

138 1184 235 1256 quihus
256 1184 443 1239 humescentes
460 1200 522 1238 rore
543 1183 624 1238 tiores
649 1183 734 1239 fusius
760 1183 895 1240 descrihe-

136 1268 243 1329 bantur,
252 1268 370 1342 scriptor
382 1267 504 1340 quamuis
516 1266 677 1323 artificiosus
690 1286 745 1323 non
759 1269 894 1325 inueniret

137 1353 209 1407 aliud
231 1353 373 1426 epitheton
397 1353 467 1424 quod
493 1352 574 1426 peplo
594 1352 712 1408 adiceret
728 1353 838 1426 grauius
853 1362 896 1408 at·

137 1455 189 1509 que
211 1437 296 1509 magis
318 1436 452 1510 peculiare
477 1455 555 1509 quarn
573 1437 652 1492 inane
669 1437 733 1492 iliud
750 1438 877 1493 humenti
882 1459 896 1498 ,·

136 1521 188 1577 hcc
206 1532 294 1576 tamen
309 1521 419 1576 concedi
435 1522 640 1594 haudquaquam
650 1522 730 1577 dehet
748 1531 777 1579 ut
793 1521 831 1576 1111
847 1523 896 1577 ad·

135 1607 260 1679 signetur
275 1614 329 1661 tam
341 1607 413 1661 fatua
429 1614 509 1678 atque
525 1606 645 1679 puerilis,
661 1607 741 1661 inuno
758 1607 894 1662 1111111111-

136 1708 199 1745 sana
218 1691 337 1747 notionis
358 1690 477 1745 eiusdem
499 1690 525 1745 in
549 1692 642 1746 eodem
659 1691 798 1747 enuntiato
815 1709 896 1764 repe·

135 1775 195 1831 titio
220 1776 346 1831 humor
364 1777 492 1845 papillas
512 1777 596 1829 soluit
616 1776 779 1830 1111111111ιὶ
795 1777 893 1846 peplo.

134 1859 255 1914 lusanam
274 1860 519 1921 11111111111111111,
543 1859 604 1931 quia
621 1861 764 1932 adspersus
786 1861 892 1916 demum

135 1943 231 2000 humor
252 1942 298 2000 ille
320 1945 465 2016 tegimenta
487 1934 583 1999 1111111111
602 1946 746 2000 humectat.
779 1945 895 2000 Senten-

134 2029 187 2084 tiae
210 2029 388 2102 imaginisque
409 2030 432 2082 si
453 2029 583 2083 rationem
605 2029 746 2090 habueris,
773 2047 827 2084 non
844 2029 896 2084 im-

133 2114 271 2188 probanda
297 2113 427 2168 librorum
450 2114 574 2168 uideatur
601 2115 665 2169 haec
690 2114 823 2187 scriptura
847 2121 891 2168 tu·

133 2201 221 2254 arenti
231 2201 331 2269 peplo,
348 2216 415 2270 quae
431 2206 519 2253 tamen
536 2199 638 2271 pariter
653 2217 683 2254 ac
698 2201 824 2270 torpenti
837 2216 895 2253 rne-

132 2283 216 2339 tricae
234 2283 302 2355 legis
316 2292 389 2338 certa
405 2283 509 2337 ratione
525 2274 667 2338 refutatur.
692 2282 747 2349 Qua
764 2284 891 2355 quoniam

133 2367 308 2423 molossicum
325 2366 379 2439 (uel
401 2367 540 2438 creticum)
562 2368 722 2423 uocalmluur
747 2367 891 2440 anquirere

134 2452 257 2507 iubemur
273 2452 428 2525 incipieusa
444 2451 540 2513 uocati,
553 2452 669 2524 aliquam
684 2452 812 2506 hahemus
827 2470 893 2506 nor-

132 2555 201 2592 nram
220 2538 251 2592 art
271 2555 349 2609 quam
365 2537 505 2608 dirigenda
522 2537 672 2592 emendatio
692 2537 736 2591 sit.

174 2621 214 2676 Ab
232 2621 367 2676 uniuersis
383 2621 494 2675 tlurihus
518 2629 591 2676 sexta
612 2622 723 2696 stropha
747 2629 894 2694 separatur

132 2723 194 2761 rosa
215 2723 293 2778 quam
320 2714 347 2761 et
368 2705 464 2761 Veneri
485 2724 585 2761 sacram
608 2706 720 2761 Romani
745 2705 889 2770 habehant,

131 2791 221 2863 quode
233 2789 353 2864 idyllium
369 2789 435 2846 illud
447 2790 547 2853 uideas,
563 2798 591 2846 et
602 2791 741 2864 proprium
752 2790 824 2845 ueris
840 2790 893 2846 sso-

114 2887 183 2929 reru,
203 2876 283 2942 quod
293 2875 403 2948 liquido
419 2875 512 2933 Cicero
527 2875 708 2933 1111111111ῑῦΙ
723 2875 833 2930 Verrem
845 2892 890 2931 ac·

94 2960 216 3012 eusans,
241 2961 323 3026 quod
337 2963 416 3020 ueris
439 2964 555 3022 initiam
572 2982 629 3022 non
646 2958 789 3019 atanoriro
808 2975 904 3029 nenne
