1964 3202
191 111 226 158 42
412 125 598 161 eunvrormvn
610 126 728 160 vununrs

193 268 292 323 lostnm
304 266 414 322 Veneris
426 267 581 327 Genetricis,
599 275 628 321 ut
644 267 715 322 ueris
730 268 778 322 [lea
791 283 951 322 ucrnornrn·

194 369 246 424 quc
262 352 381 407 omnium
398 360 469 412 crat,
492 369 552 406 cum
572 352 643 406 ueris
663 353 728 407 noui
745 351 869 407 sollemni
884 369 951 407 con·

191 436 344 492 sacratione
370 437 543 492 coniunctum
571 436 654 491 luisse
681 435 813 492 concludo
838 453 870 491 ex
891 445 949 495 nl

192 537 246 576 uer
260 538 379 589 nouum,
396 521 589 579 turbemer
609 523 655 575 illc
681 537 779 576 manc
803 523 952 592 uirpiaeas

188 608 318 677 papillas
333 608 416 661 soluit
434 607 563 662 humenti
571 607 672 676 peplo,
695 623 721 660 n.
740 612 774 662 22
789 607 853 676 ipsa
868 607 952 666 iussit

192 708 219 744 m
229 705 293 745 orte
316 697 390 746 totoc
405 692 532 763 uirpines
547 691 655 746 nubant
670 681 780 757 rosae,¹
794 708 819 745 u.
836 697 882 748 25:
902 707 949 746 ro·

191 794 222 831 sa
243 790 327 830 cras
351 776 482 830 ruborem
504 792 560 830 reon
574 776 692 845 pudebit
712 778 832 830 soluere.
857 773 950 847 Neque

191 860 262 915 enim
277 860 411 915 crastinus
428 861 485 916 dies
505 878 554 915 cur
568 859 710 933 praecipue
733 860 760 914 in
777 858 889 914 {loribus
910 858 951 914 ni-

190 953 270 1000 catur
285 943 375 999 ualere
392 946 500 1017 penitus
515 944 709 1018 perspiciemus
730 961 818 1016 neque
835 944 861 998 in
877 960 950 998 surn-

192 1046 235 1083 ma
255 1027 412 1101 ampliorem
433 1030 530 1084 llornm
552 1046 581 1084 ac
603 1045 725 1083 rosarum
739 1027 950 1101 descriptionem

190 1113 417 1168 accommodatam
438 1115 469 1169 acl
494 1115 546 1168 hoc
568 1129 675 1169 carmen
698 1112 875 1168 consiliumne
890 1112 949 1168 eius

191 1196 305 1269 simplex
319 1205 346 1252 et
363 1216 443 1252 unum
461 1198 643 1259 iudicabimus,
660 1197 712 1253 nisi
723 1215 776 1252 tina
789 1215 849 1252 cum
864 1197 950 1252 Vene-

191 1281 294 1337 ralibns
316 1281 448 1338 celebrata
471 1291 534 1338 tnnc
554 1299 614 1338 esse
636 1282 752 1337 Floralia
775 1281 949 1337 statuerimus

190 1375 239 1421 ant
256 1366 375 1429 Rosalia,
403 1367 489 1439 qualia
510 1367 614 1440 Capuae
636 1367 786 1439 agebantur
810 1373 837 1422 et
857 1373 950 1439 poste·

109 1494 113 1503 .
192 1452 265 1506 riore
279 1458 367 1506 aetate
381 1452 568 1508 luisseltomae
580 1450 757 1523 uitlentur(cl.
768 1450 880 1506 Prelleri
894 1467 950 1524 my·

192 1535 259 1590 thol.
283 1535 358 1590 Rom.
378 1554 404 1608 p.
425 1544 474 1595 381
496 1554 522 1590 n.
543 1535 578 1608 ὁ).
611 1536 703 1608 ltaque
728 1535 836 1590 artificis
860 1536 950 1591 uirum

192 1620 293 1692 ingenii
308 1621 389 1675 credo
405 1621 522 1676 scienter
533 1621 648 1676 duorum
663 1620 833 1675 sollemnium
842 1619 949 1693 praedi·

188 1705 324 1761 cntionem
346 1705 382 1759 ita
402 1705 584 1768 coniunxisse,
608 1713 639 1760 ut
660 1704 773 1761 alterum
789 1706 899 1760 duceret
916 1703 949 1760 ab

190 1789 288 1845 altero.
319 1788 395 1856 Quod
414 1791 437 1845 si
458 1790 495 1845 ita
517 1798 572 1852 est,
589 1790 739 1846 indubium
756 1790 835 1845 ctiam
852 1789 948 1845 titulos

189 1874 317 1930 ‹leuocari
334 1874 442 1930 uidetur
459 1890 491 1930 er
506 1874 669 1931 Salmasiano
686 1874 755 1931 libro
772 1875 949 1948 depromptus

185 1961 371 2031 partripilium
396 1959 520 2015 Verteris.
549 1958 713 2032 Quamquam
738 1976 772 2015 ne
794 1958 867 2013 illum
890 1961 950 2031 qui-

190 2044 251 2099 dem
265 2043 423 2117 inscriptum
436 2043 513 2098 nobis
526 2044 745 2116 persuadebimus
759 2051 865 2117 apoeta
879 2060 948 2105 esse,

192 2145 272 2200 quem
290 2128 335 2200 qui
351 2128 429 2202 primi
446 2128 526 2182 huius
541 2129 673 2201 poematis
686 2129 811 2184 notitiam
822 2127 948 2189 habuere,

191 2210 317 2267 Erasmus
336 2221 364 2268 et
383 2212 513 2286 Gyraldus
528 2221 728 2286 usurpauerunt
748 2215 782 2268 de
802 2227 871 2268 uere
892 2213 949 2267 siue

191 2311 253 2352 uer.
288 2295 364 2363 Quod
379 2315 475 2352 nomen
496 2314 559 2351 num
574 2297 634 2352 Aldi
650 2297 760 2352 Manutii
777 2297 843 2352 illud
862 2313 950 2351 cnem-

184 2380 252 2453 plar
272 2381 313 2434 ‘in
336 2382 522 2454 antiquissima
545 2382 657 2454 quadam
673 2381 771 2438 Galliae
787 2381 949 2438 bibliotheca

192 2473 330 2536 repertum
340 2466 345 2483 ’
357 2484 421 2539 prae
435 2484 463 2521 se
478 2465 577 2528 tulerit,
587 2468 659 2540 quod
674 2484 727 2522 non
744 2466 846 2539 liquido
860 2465 899 2520 illi
911 2465 951 2520 di·

184 2558 291 2608 neruut,
301 2567 337 2603 an
343 2550 378 2605 ab
391 2551 503 2608 eronlio
518 2551 605 2627 ipsius
621 2551 748 2608 carminis
763 2550 950 2624 repetiuerint

161 2627 327 2696 ambigitur,
816 2636 820 2645 '
