1964 3202
125 421 156 470 12
328 436 528 480 ¹rrrrnvremvn
540 436 659 474 venimus

124 585 243 632 mentem
266 595 321 649 eqs.
349 585 474 650 tanquam
497 577 530 633 ab
552 585 711 650 argumento
733 577 776 632 uel
799 576 879 632 titulo

124 662 249 736 deinceps
266 662 435 734 sequentium
450 679 592 724 uersuum,
610 663 661 717 iam
677 661 743 717 bene
760 680 819 718 cum
834 680 880 717 ru·

124 747 199 801 ribus
221 747 410 802 consociantur
432 746 513 802 dores
530 754 611 819 atque
627 763 719 807 rosae,
746 747 797 802 iam
813 747 881 803 bene

124 848 234 886 uersum
243 838 276 890 56
287 831 322 885 ita
336 831 585 904 uersusssoexcipit,
597 839 628 885 ut
640 831 881 905 adpropinquantis

125 916 248 977 Veneris,
273 933 351 988 cpiam
375 923 436 970 ante
453 915 527 970 iuerc
542 915 647 971 sodales
661 915 719 970 eius
736 915 882 989 Nymphae,

125 999 248 1055 animalia
272 1017 379 1072 quoquc
394 999 448 1054 uim
466 1001 583 1055 diuinam
599 1000 804 1072 persentiscam.
835 999 881 1054 Sin

125 1094 212 1140 autom
230 1085 362 1156 originem
378 1084 435 1140 eius
450 1084 620 1158 corruptelae
637 1084 789 1157 quaerimus
802 1101 881 1156 apuam

126 1170 152 1224 in
167 1168 288 1223 Salmasii
301 1168 461 1241 Pithoeiquc
476 1169 613 1224 codicibus
628 1169 759 1230 uidemus,
775 1169 882 1223 uidetur

127 1255 154 1308 in
169 1253 296 1326 primario
311 1252 381 1308 libro
394 1252 521 1308 foliorum
533 1254 626 1308 ordine
641 1253 800 1326 perturbato
815 1252 881 1308 illud

126 1329 209 1392 unum
230 1337 323 1392 solium
340 1338 411 1410 quod
431 1355 526 1393 uersus
548 1356 562 1392 a
577 1345 611 1398 59
626 1338 658 1393 ad
673 1343 706 1398 79
721 1337 881 1410 complecte-

126 1423 205 1477 batur
217 1439 300 1495 praue
314 1421 483 1483 collocatum,
499 1439 594 1477 uersus
608 1428 775 1482 uerod-lb
786 1421 836 1476 alia
848 1422 880 1476 de

126 1524 233 1573 caussa,
261 1524 339 1580 qnam
355 1524 414 1561 sum
430 1515 601 1567 narraturus,
634 1506 724 1561 omissi
741 1523 755 1560 a
770 1505 881 1560 librario

126 1600 200 1647 extra
229 1591 254 1646 id
283 1591 375 1647 solium
400 1591 446 1646 uel
462 1591 489 1645 111
514 1591 634 1663 margine
656 1590 768 1646 alterius
788 1589 882 1645 uel-in

127 1676 224 1732 scheda
237 1675 355 1749 appositi
371 1675 462 1736 tuisse,
480 1693 534 1749 quo
550 1676 648 1752 factum
661 1683 744 1730 estut
760 1691 882 1730 seorsum

127 1761 160 1815 ab
177 1760 229 1814 illis
245 1760 427 1815 scriberentur
442 1768 504 1832 post
520 1778 545 1814 u.
561 1768 585 1820 8.
631 1759 750 1815 Dehcbat
764 1760 835 1814 enim
851 1758 882 1813 11-

128 1845 233 1900 brarius
248 1845 348 1906 uersat,
366 1845 411 1916 qui
422 1845 492 1900 nunc
507 1851 589 1904 estbt
610 1845 645 1899 In
657 1847 749 1899 ainaim
763 1845 883 1898 moritus

127 1931 215 1984 imber
236 1931 320 1992 deecit
337 1931 428 1984 ulmae
449 1931 590 2001 coniugis,
619 1930 710 1984 statim
725 1929 883 1985 continuare

128 2030 228 2069 nonum
247 2013 326 2069 Tunc
340 2030 443 2070 cruore
458 2016 493 2069 de
507 2028 632 2084 crepereo
651 2029 767 2085 spumeo
778 2020 884 2084 pontus

126 2100 222 2170 giobo:
247 2115 341 2153 uerum
358 2117 499 2172 perperam
514 2106 577 2172 post
599 2116 624 2153 u.
642 2104 672 2157 61
695 2099 809 2154 inseruit
825 2115 883 2153 car-

128 2183 193 2237 mini
210 2201 239 2238 ea
256 2183 337 2237 uerba
354 2201 421 2256 quae
444 2183 544 2256 scripta
570 2183 690 2256 repperit
715 2184 741 2238 iu
763 2183 883 2254 margine

135 2268 213 2322 Vnde
226 2268 305 2338 fetus
316 2271 423 2323 mixtus
438 2271 527 2322 ominis
540 2270 630 2322 oleret
640 2256 741 2338 mdpno
753 2282 882 2336 corpore.

128 2353 220 2424 ltaque
236 2369 295 2406 cum
311 2360 462 2407 reuerteret
484 2370 499 2406 a
521 2352 639 2424 margine
662 2351 754 2407 oculos
775 2353 805 2407 ad
822 2369 883 2425 pcr-

128 2437 287 2510 petuitatcm
303 2436 441 2497 orationis,
464 2444 592 2507 quattuor
613 2435 666 2490 ittis
684 2436 808 2492 uersibus
824 2445 879 2496 9—

133 2529 162 2578 12
188 2521 386 2594 praetermissis
415 2520 541 2575 transiliit
564 2521 596 2575 ad
618 2537 715 2575 nouam
743 2521 881 2594 stropham

128 2605 199 2675 Ipso
217 2620 305 2660 creatos
320 2622 375 2676 cos.
407 2605 550 2659 Nimirum
570 2604 615 2677 qui
632 2606 719 2660 fertur
737 2623 832 2661 uersus
849 2610 882 2662 62

136 2690 214 2744 Vnde
226 2690 305 2760 fetus
318 2691 425 2744 miserm
436 2690 526 2744 omnia
536 2691 626 2744 oleret
636 2707 738 2761 magno
751 2704 881 2760 corpore,

128 2783 191 2828 eum·
211 2773 316 2845 quidem
337 2791 351 2828 a
370 2783 450 2846 poeta
472 2789 585 2846 prorsus
602 2774 723 2831 abiudico
740 2783 770 2829 ut
789 2764 833 2847 qui
849 2773 882 2828 ab

107 2852 319 2920 mterpolatore
335 2858 382 2913 net
392 2858 489 2931 potius
505 2860 653 2933 interprete
671 2860 822 2931 adscriptus
838 2858 881 2912 sit.

84 2923 131 2971 ‘⁴⁶'
138 2931 274 2993 Primum
290 2941 408 3009 quidem
428 2964 485 3003 non
503 2955 548 3004 est
562 2963 679 3007 uersus,
701 2962 766 2999 narn
777 2950 897 2997 iuetruru
