1964 3202
321 496 507 532 PERVIGILIVM
519 497 638 532 VENERIS
825 483 856 534 51

102 637 237 698 siuerunt,
260 638 358 711 quippe
380 655 447 711 quae
465 637 570 693 ualeant
584 638 616 693 ad
631 639 857 695 determinandam

102 731 198 795 poetae
214 729 336 777 aetatem.
369 722 438 778 Bene
454 723 538 794 igitur
552 723 584 777 de
603 721 737 795 Appuleio
752 724 858 780 monuit

101 806 302 867 Heidtmanans‚
311 806 512 862 Wernsdorlius
527 806 705 862 etlluellerus
717 808 748 863 de
761 807 856 863 l'loro:

102 908 151 946 nec
162 890 306 946 Salmasius
319 890 409 964 inepte
421 908 563 963 supparem
575 891 657 946 luisse
672 890 747 947 illum
763 891 857 949 Salina

102 975 253 1036 adnotauit,
277 975 353 1030 euius
378 975 516 1030 exordium
531 969 666 1031 'Pontieon
688 977 720 1031 ad
735 984 856 1032 nostram

101 1068 215 1115 aetatem
232 1059 347 1114 durauit.
382 1058 473 1132 Neque
494 1060 641 1134 comparati
667 1068 692 1116 te
707 1061 858 1134 poenitebit

100 1143 251 1199 Nemesiani
268 1145 314 1216 qui
328 1144 355 1198 in
378 1143 480 1216 eelogis
496 1145 627 1217 insignem
643 1162 703 1200 cum
717 1145 856 1219 Pernigilii

101 1229 234 1302 scriptore
256 1229 356 1301 ingenii
380 1237 407 1283 et
428 1229 495 1284 artis
518 1229 719 1284 similitudinem
738 1247 802 1303 prae
826 1248 856 1286 se

101 1313 167 1375 fert,
188 1330 242 1367 non
257 1331 311 1386 quo
329 1312 499 1385 singulorum
510 1313 687 1386 congruentia
704 1315 855 1371 enuntiato·

100 1414 159 1452 rum
176 1415 300 1469 magnum
314 1398 419 1470 pondus
431 1397 542 1464 haberet
554 1397 614 1470 (cll
629 1406 661 1458 35
674 1401 857 1470 omniparens

101 1484 200 1537 aether
213 1489 240 1536 et
254 1498 352 1537 rerum
368 1498 472 1537 caussa
487 1484 611 1553 liquores
622 1483 667 1538 uel
682 1483 703 1537 ll
715 1483 854 1552 56Dieue,

100 1582 173 1637 qaue
190 1569 256 1638 iupa
273 1569 348 1622 celeo
367 1573 445 1622 tenes
463 1569 576 1639 Erycis,
594 1569 642 1623 eui
659 1584 731 1624 euru
748 1570 857 1640 terpentes

100 1652 265 1707 concubitus
285 1652 428 1706 homiuum
452 1653 515 1707 totis
529 1659 676 1708 conectere
691 1654 794 1708 soeclr's
811 1652 854 1708 uel

99 1736 131 1790 lV
146 1741 178 1796 tt
196 1743 223 1791 et
245 1736 380 1792 Venerem
395 1752 510 1791 sensere
527 1738 626 1807 lupae,
648 1751 764 1792 seresere
780 1738 854 1792 teue-

98 1822 180 1893 nee),
194 1821 240 1876 sed
256 1821 318 1894 quia
329 1821 375 1876 ille
388 1838 495 1894 quoque
506 1821 533 1876 in
548 1820 740 1876 distribuendis
757 1839 854 1894 aequa·

98 1905 189 1961 bilitcr
206 1914 232 1961 et
249 1906 324 1978 quani
340 1906 501 1961 articulatim
520 1906 674 1962 ordinandis
689 1906 853 1962 carminibus

98 1990 247 2046 elaborauit
267 1988 310 2061 (el.
334 1990 453 2063 eclogam
468 1991 501 2045 lV
517 1991 544 2044 in
561 2008 612 2062 qua
629 1990 717 2046 decies
733 1990 775 2047 hic
792 2008 853 2046 uer·

98 2092 144 2129 sus
160 2074 334 2130 intercalatur
348 2081 455 2141 contet,
479 2082 556 2130 amur
570 2076 646 2145 quod
659 2077 793 2145 quisque:
815 2076 853 2130 le·

98 2166 169 2213 ucat
184 2165 212 2214 et
224 2161 354 2213 earmina
369 2159 467 2230 curus)
484 2166 511 2215 et
527 2158 602 2217 lectis
618 2159 764 2214 uerborum
779 2158 854 2215 colo·

98 2243 186 2305 ribus,
215 2243 342 2315 epithetis
368 2242 539 2315 potissimam
566 2251 662 2316 argine
684 2243 853 2316 excogitatis,

97 2328 290 2383 minutissimas
307 2345 425 2400 qumque
444 2345 486 2383 res
502 2327 607 2382 curiose
622 2328 767 2401 depingere
783 2327 854 2383 solet

98 2411 141 2484 (cl.
163 2412 284 2485 inprimis
303 2413 396 2468 Bacchi
416 2413 544 2485 hymnum
565 2412 613 2467 ecl.
634 2412 685 2485 lll).
716 2413 808 2485 ltaque
824 2412 852 2467 in

98 2497 257 2562 temeritatis
274 2497 375 2552 crimen
389 2514 422 2552 ne
439 2497 613 2559 incurramus,
631 2497 851 2569 acquiescendum

97 2582 124 2635 in
140 2582 192 2637 hoc
207 2581 259 2636 crit
275 2590 304 2635 nt
320 2581 407 2636 medio
423 2581 494 2636 inter
505 2580 613 2636 Florum
632 2581 851 2637 etNemesianum

96 2675 226 2739 tempore,
244 2666 295 2720 hoe
311 2674 352 2720 cst
368 2659 484 2721 secundo
500 2665 544 2721 uel
563 2666 642 2721 tertio
660 2684 685 2738 p.
698 2665 742 2720 Ch.
755 2682 782 2720 n.
794 2683 852 2722 sae·

96 2751 157 2808 culo
173 2750 310 2808 conditum
324 2749 499 2822 Pcruigilium
515 2767 573 2806 esse
589 2758 745 2806 statuamus.
