1964 3202
118 189 149 236 2⁴2
224 231 230 256 ,x
335 204 520 238 rnnvrernrrn
533 205 652 238 veni-:urs

82 331 85 336 ⁵
120 360 201 399 uersu
214 344 330 416 repetiit,
339 362 416 416 quem
430 346 461 400 ad
475 350 594 400 errorem
606 362 638 400 eo
649 345 797 418 preelinior
807 353 875 408 erat,

120 446 179 487 eum
193 429 220 501 hi
235 445 331 483 uersus
351 438 425 484 extra
448 429 615 502 reliquorum
633 430 762 492 ordinem,
787 447 875 503 prope

123 513 239 568 fortasse
258 531 272 567 a
288 531 313 568 u.
326 520 350 575 4,
367 512 491 569 eolleeeti
510 522 608 569 essent.
632 513 702 586 Erga
721 514 878 588 principalis

106 619 109 624 ·
121 598 232 655 extremi
241 615 337 660 uersus
345 600 428 653 ferma
442 599 615 654 coniecturali
624 599 736 654 arbitrie
745 598 880 671 permitti·

122 692 166 737 tur
178 683 351 737 restituenda.
361 682 618 744 Sanaalennsentem
627 684 703 738 enins
711 686 879 739 temerariam

121 766 222 840 alioqui
237 768 382 822 lubidinem
390 768 518 829 detestor.
536 768 607 840 apnod
623 768 674 823 hee
691 768 750 823 loeo
770 767 879 840 supple·

121 852 161 906 nit
175 852 245 922 feeit
266 855 418 907 eiectantem
434 852 544 907 Dionen
566 855 601 906 ie
625 855 778 908 matrinis
801 853 880 924 flu·

121 938 251 1003 ctione,
270 937 359 1010 potuit
375 936 401 990 ia
418 937 523 1008 quidem
539 946 618 1009 poeta
638 937 766 1000 seribere,
783 954 878 992 nerum

121 1020 259 1092 aliquanto
282 1029 368 1076 tamen
388 1021 446 1075 ueri
470 1020 582 1076 similius
599 1031 640 1076 est
657 1022 771 1077 additam
795 1023 879 1077 inisse

121 1104 198 1159 aliam
221 1123 275 1160 rem
292 1123 402 1167 neriam,
430 1105 505 1160 uelut
520 1105 660 1178 epitheton
677 1106 798 1168 teneris,
816 1107 879 1180 qnia

121 1190 201 1244 maris
217 1191 314 1245 fluetus
328 1190 486 1263 exquisitius
501 1209 527 1244 n.
547 1200 578 1248 10
595 1191 792 1246 deseribuntur.

164 1359 280 1414 Finitnm
300 1360 350 1413 iam
367 1367 408 1414 est
422 1359 590 1432 prooemium
612 1361 735 1414 carminis
756 1360 799 1415 nel
815 1377 876 1433 pars

121 1443 207 1516 prima
231 1461 282 1515 apua
303 1443 413 1499 crastini
432 1444 484 1498 diei
507 1443 664 1515 religionem
686 1453 713 1499 et
733 1445 877 1500 sanctimo-

121 1528 191 1582 niam
219 1529 245 1582 in
268 1528 375 1583 Veneris
405 1529 535 1583 honorem
564 1527 716 1583 celebrandi
739 1529 875 1602 peruigiiii

121 1613 412 1685 peetapronnntianit.
436 1612 616 1685 Subsequitur
631 1614 876 1685 praemisseuersn

115 1696 272 1752 'intercalari
295 1697 379 1752 mealia
403 1715 464 1770 pars
480 1707 561 1770 atque
581 1698 604 1752 si
620 1697 725 1770 quidem
743 1699 774 1752 ad
792 1699 876 1754 festae

99 1771 239 1836 ¹laetitiae
265 1781 448 1837 celebritatem
476 1781 621 1854 plurimum
648 1782 765 1854 dignitas
792 1783 876 1855 ipsius

122 1866 185 1921 deae
202 1874 229 1921 et
246 1867 392 1922 aucteritas
409 1866 493 1927 ualet,
515 1866 627 1923 manime
643 1868 806 1928 necessaria,
824 1863 876 1939 qua
903 1904 907 1912 -

122 1967 154 2004 ex
169 1952 296 2007 memoria
313 1951 425 2023 originis
444 1951 554 2005 Veneris
569 1951 696 2024 hymnum
713 1959 822 2007 nectens
837 1952 850 2006 s
865 1979 876 1994 ·

122 2041 164 2089 eta
178 2034 417 2109 laudesqueeenit.
433 2035 461 2088 ln
476 2034 573 2106 quibus
589 2053 648 2090 etnn
666 2037 815 2091 summatim
832 2054 876 2091 ex·

123 2120 252 2191 ponendis
267 2121 368 2193 primae
381 2112 513 2191 ⁴strophae
529 2120 653 2174 uersibus
668 2121 785 2193 quinque
801 2128 874 2181 63-

121 2209 154 2262 67
173 2211 297 2259 nersatns
313 2205 361 2266 sit,
383 2211 483 2259 tumea
503 2202 659 2276 singillatim
675 2206 789 2260 seeunda
805 2213 877 2260 stre·

123 2287 175 2360 pha
191 2287 226 2360 (u.
238 2289 356 2361 69-7‘4)
369 2287 494 2361 persequi
510 2289 608 2361 eoepit,
626 2278 703 2361 qnam
720 2290 788 2344 item
798 2289 876 2361 quin·

124 2389 175 2443 que
191 2372 315 2428 uersibus
330 2381 409 2445 paieta
426 2373 591 2445 compesuit,
614 2373 681 2429 alius
704 2376 830 2429 maiorem
847 2373 875 2427 in

123 2473 263 2513 munerum
280 2458 352 2512 aurit
367 2465 532 2512 commentus
550 2459 619 2514 hune
633 2477 660 2513 u.
677 2459 876 2517 temnentem

122 2541 185 2610 ipse
201 2542 271 2612 feeit
285 2560 348 2598 eum
365 2542 477 2598 Setinis
491 2545 614 2612 tantoties,
642 2543 690 2597 Vbi
705 2544 819 2616 primum
837 2543 876 2597 in·

112 2624 405 2682 solenterffomaleee
419 2628 531 2703 nuptiae
546 2629 673 2684 uidentur
689 2627 878 2698 intetieginuu

88 2699 208 2763 mornahj
230 2710 340 2783 {stampe
356 2716 407 2786 oni
416 2726 494 2774 eerte
516 2725 573 2774 nen
583 2716 710 2772 Sabinas
723 2711 834 2768 (iuuerit
845 2723 895 2759 ue·
