<?xml version="1.0" encoding="UTF-8"?>
<!DOCTYPE html PUBLIC "-//W3C//DTD XHTML 1.0 Transitional//EN"
    "http://www.w3.org/TR/xhtml1/DTD/xhtml1-transitional.dtd">
<html xmlns="http://www.w3.org/1999/xhtml" xml:lang="en" lang="en">
 <head>
  <title>
</title>
<meta http-equiv="Content-Type" content="text/html;charset=utf-8" />
  <meta name='ocr-system' content='tesseract 3.04.00' />
  <meta name='ocr-capabilities' content='ocr_page ocr_carea ocr_par ocr_line ocrx_word'/>
</head>
<body>
  <div class='ocr_page' id='page_1' title='image "./pervigiliumvene00buecgoog_0012.png"; bbox 0 0 1964 3202; ppageno 0'>
   <div class='ocr_carea' id='block_1_1' title="bbox 84 877 841 1186">
    <p class='ocr_par' dir='ltr' id='par_1_1' title="bbox 84 877 841 1186">
     <span class='ocr_line' id='line_1_1' title="bbox 126 877 841 950; baseline 0.004 -18"><span class='ocrx_word' id='word_1_1' title='bbox 126 877 319 950; x_wconf 82' lang='lat' dir='ltr'>Peruigilii</span> <span class='ocrx_word' id='word_1_2' title='bbox 335 877 495 938; x_wconf 88' lang='lat' dir='ltr'>Veneris,</span> <span class='ocrx_word' id='word_1_3' title='bbox 515 879 587 949; x_wconf 81' lang='lat' dir='ltr'>quod</span> <span class='ocrx_word' id='word_1_4' title='bbox 604 879 637 934; x_wconf 88' lang='lat' dir='ltr'>ad</span> <span class='ocrx_word' id='word_1_5' title='bbox 650 879 841 935; x_wconf 82' lang='lat' dir='ltr'>emendandum</span> 
     </span>
     <span class='ocr_line' id='line_1_2' title="bbox 86 961 841 1036; baseline 0 -18"><span class='ocrx_word' id='word_1_6' title='bbox 86 971 148 1036; x_wconf 87' lang='lat' dir='ltr'>post</span> <span class='ocrx_word' id='word_1_7' title='bbox 160 970 201 1017; x_wconf 89' lang='lat' dir='ltr'>tot</span> <span class='ocrx_word' id='word_1_8' title='bbox 214 962 287 1017; x_wconf 89' lang='lat' dir='ltr'>uiros</span> <span class='ocrx_word' id='word_1_9' title='bbox 303 962 398 1018; x_wconf 84' lang='lat' dir='ltr'>doctos</span> <span class='ocrx_word' id='word_1_10' title='bbox 414 979 467 1017; x_wconf 89' lang='lat' dir='ltr'>non</span> <span class='ocrx_word' id='word_1_11' title='bbox 484 961 551 1016; x_wconf 85' lang='lat' dir='ltr'>nihil</span> <span class='ocrx_word' id='word_1_12' title='bbox 568 963 691 1018; x_wconf 80' lang='lat' dir='ltr'>conferre</span> <span class='ocrx_word' id='word_1_13' title='bbox 703 981 744 1019; x_wconf 89' lang='lat' dir='ltr'>me</span> <span class='ocrx_word' id='word_1_14' title='bbox 760 980 841 1036; x_wconf 89' lang='lat' dir='ltr'>posse</span> 
     </span>
     <span class='ocr_line' id='line_1_3' title="bbox 85 1041 841 1121; baseline 0.001 -20"><span class='ocrx_word' id='word_1_15' title='bbox 85 1055 166 1120; x_wconf 87' lang='lat' dir='ltr'>puto,</span> <span class='ocrx_word' id='word_1_16' title='bbox 194 1047 326 1103; x_wconf 82' lang='lat' dir='ltr'>sccundus</span> <span class='ocrx_word' id='word_1_17' title='bbox 351 1064 461 1108; x_wconf 89' lang='lat' dir='ltr'>uersus,</span> <span class='ocrx_word' id='word_1_18' title='bbox 490 1064 504 1100; x_wconf 88' lang='lat' dir='ltr'>a</span> <span class='ocrx_word' id='word_1_19' title='bbox 534 1064 586 1119; x_wconf 90' lang='lat' dir='ltr'>quo</span> <span class='ocrx_word' id='word_1_20' title='bbox 609 1041 715 1103; x_wconf 77' lang='lat' dir='ltr'>cinmen</span> <span class='ocrx_word' id='word_1_21' title='bbox 738 1048 841 1121; x_wconf 79' lang='lat' dir='ltr'>incipit,</span> 
     </span>
     <span class='ocr_line' id='line_1_4' title="bbox 84 1130 508 1186; baseline -0.002 -1"><span class='ocrx_word' id='word_1_22' title='bbox 84 1131 113 1186; x_wconf 94' lang='lat' dir='ltr'>in</span> <span class='ocrx_word' id='word_1_23' title='bbox 132 1131 280 1186; x_wconf 87' lang='lat' dir='ltr'>Pitiroeano</span> <span class='ocrx_word' id='word_1_24' title='bbox 299 1130 370 1186; x_wconf 79' lang='lat' dir='ltr'>libro</span> <span class='ocrx_word' id='word_1_25' title='bbox 393 1131 436 1186; x_wconf 83' lang='lat' dir='ltr'>liic</span> <span class='ocrx_word' id='word_1_26' title='bbox 453 1140 508 1186; x_wconf 87' lang='lat' dir='ltr'>est:</span> 
     </span>
    </p>
   </div>
   <div class='ocr_carea' id='block_1_2' title="bbox 84 1262 842 1325">
    <p class='ocr_par' dir='ltr' id='par_1_2' title="bbox 84 1262 842 1325">
     <span class='ocr_line' id='line_1_5' title="bbox 84 1262 842 1325; baseline 0.003 -15"><span class='ocrx_word' id='word_1_27' title='bbox 84 1262 139 1311; x_wconf 90' lang='lat' dir='ltr'>Ver</span> <span class='ocrx_word' id='word_1_28' title='bbox 151 1277 264 1325; x_wconf 89' lang='lat' dir='ltr'>nouum,</span> <span class='ocrx_word' id='word_1_29' title='bbox 277 1277 325 1310; x_wconf 89' lang='lat' dir='ltr'>uer</span> <span class='ocrx_word' id='word_1_30' title='bbox 337 1263 392 1310; x_wconf 83' lang='lat' dir='ltr'>iani</span> <span class='ocrx_word' id='word_1_31' title='bbox 405 1277 547 1325; x_wconf 79' lang='lat' dir='ltr'>canorum,</span> <span class='ocrx_word' id='word_1_32' title='bbox 560 1278 608 1311; x_wconf 91' lang='lat' dir='ltr'>uer</span> <span class='ocrx_word' id='word_1_33' title='bbox 620 1269 700 1312; x_wconf 84' lang='lat' dir='ltr'>natus</span> <span class='ocrx_word' id='word_1_34' title='bbox 713 1264 786 1312; x_wconf 87' lang='lat' dir='ltr'>orbis</span> <span class='ocrx_word' id='word_1_35' title='bbox 800 1268 842 1312; x_wconf 80' lang='lat' dir='ltr'>est</span> 
     </span>
    </p>
   </div>
   <div class='ocr_carea' id='block_1_3' title="bbox 84 1375 841 1627">
    <p class='ocr_par' dir='ltr' id='par_1_3' title="bbox 84 1375 841 1627">
     <span class='ocr_line' id='line_1_6' title="bbox 84 1375 839 1457; baseline 0.003 -19"><span class='ocrx_word' id='word_1_36' title='bbox 84 1383 154 1438; x_wconf 88' lang='lat' dir='ltr'>unde</span> <span class='ocrx_word' id='word_1_37' title='bbox 162 1384 291 1440; x_wconf 80' lang='lat' dir='ltr'>Pithoeus</span> <span class='ocrx_word' id='word_1_38' title='bbox 304 1385 427 1440; x_wconf 80' lang='lat' dir='ltr'>effecerat</span> <span class='ocrx_word' id='word_1_39' title='bbox 436 1400 504 1441; x_wconf 84' lang='lat' dir='ltr'>uere</span> <span class='ocrx_word' id='word_1_40' title='bbox 518 1392 603 1439; x_wconf 83' lang='lat' dir='ltr'>notos</span> <span class='ocrx_word' id='word_1_41' title='bbox 615 1386 690 1440; x_wconf 81' lang='lat' dir='ltr'>orbis</span> <span class='ocrx_word' id='word_1_42' title='bbox 701 1393 743 1440; x_wconf 83' lang='lat' dir='ltr'>est</span> <span class='ocrx_word' id='word_1_43' title='bbox 751 1375 839 1457; x_wconf 80' lang='grc' dir='ltr'><em>ὑπερ-</em></span> 
     </span>
     <span class='ocr_line' id='line_1_7' title="bbox 85 1464 841 1539; baseline 0.009 -19"><span class='ocrx_word' id='word_1_44' title='bbox 85 1464 183 1539; x_wconf 75' lang='grc' dir='ltr'><em>φυῶς,</em></span> <span class='ocrx_word' id='word_1_45' title='bbox 206 1478 237 1524; x_wconf 90' lang='lat' dir='ltr'>ut</span> <span class='ocrx_word' id='word_1_46' title='bbox 256 1470 452 1524; x_wconf 79' lang='lat' dir='ltr'>tiernenstrauit</span> <span class='ocrx_word' id='word_1_47' title='bbox 470 1469 605 1524; x_wconf 83' lang='lat' dir='ltr'>Antonius</span> <span class='ocrx_word' id='word_1_48' title='bbox 621 1469 739 1524; x_wconf 80' lang='lat' dir='ltr'>itoebius</span> <span class='ocrx_word' id='word_1_49' title='bbox 758 1470 841 1527; x_wconf 87' lang='lat' dir='ltr'>inter·</span> 
     </span>
     <span class='ocr_line' id='line_1_8' title="bbox 84 1552 840 1627; baseline 0.003 -20"><span class='ocrx_word' id='word_1_50' title='bbox 84 1552 245 1627; x_wconf 87' lang='lat' dir='ltr'>pretationis</span> <span class='ocrx_word' id='word_1_51' title='bbox 267 1554 354 1609; x_wconf 88' lang='lat' dir='ltr'>Germ.</span> <span class='ocrx_word' id='word_1_52' title='bbox 377 1571 405 1627; x_wconf 89' lang='lat' dir='ltr'>p.</span> <span class='ocrx_word' id='word_1_53' title='bbox 429 1562 474 1617; x_wconf 83' lang='lat'>18,</span> <span class='ocrx_word' id='word_1_54' title='bbox 499 1554 605 1626; x_wconf 87' lang='lat' dir='ltr'>Lipsius</span> <span class='ocrx_word' id='word_1_55' title='bbox 628 1570 757 1626; x_wconf 75' lang='lat' dir='ltr'><strong>perquam</strong></span> <span class='ocrx_word' id='word_1_56' title='bbox 782 1553 840 1610; x_wconf 86' lang='lat' dir='ltr'>ille·</span> 
     </span>
    </p>
   </div>
   <div class='ocr_carea' id='block_1_4' title="bbox 1 1638 884 2901">
    <p class='ocr_par' dir='ltr' id='par_1_4' title="bbox 1 1638 884 2901">
     <span class='ocr_line' id='line_1_9' title="bbox 83 1638 839 1711; baseline 0.003 -19"><span class='ocrx_word' id='word_1_57' title='bbox 83 1638 145 1711; x_wconf 86' lang='lat' dir='ltr'>pide</span> <span class='ocrx_word' id='word_1_58' title='bbox 165 1646 246 1711; x_wconf 86' lang='lat' dir='ltr'>atque</span> <span class='ocrx_word' id='word_1_59' title='bbox 266 1639 375 1710; x_wconf 82' lang='lat' dir='ltr'>indigne</span> <span class='ocrx_word' id='word_1_60' title='bbox 393 1647 473 1711; x_wconf 88' lang='lat' dir='ltr'>poeta</span> <span class='ocrx_word' id='word_1_61' title='bbox 493 1654 546 1693; x_wconf 82' lang='lat' dir='ltr'>uer</span> <span class='ocrx_word' id='word_1_62' title='bbox 563 1645 682 1692; x_wconf 79' lang='lat' dir='ltr'>renatos</span> <span class='ocrx_word' id='word_1_63' title='bbox 699 1639 775 1693; x_wconf 82' lang='lat' dir='ltr'>orbis</span> <span class='ocrx_word' id='word_1_64' title='bbox 789 1646 839 1701; x_wconf 84' lang='lat' dir='ltr'>est,</span> 
     </span>
     <span class='ocr_line' id='line_1_10' title="bbox 84 1722 839 1797; baseline 0.001 -21"><span class='ocrx_word' id='word_1_65' title='bbox 84 1722 114 1776; x_wconf 93' lang='lat' dir='ltr'>H.</span> <span class='ocrx_word' id='word_1_66' title='bbox 144 1722 276 1797; x_wconf 86' lang='lat' dir='ltr'>Sauppius</span> <span class='ocrx_word' id='word_1_67' title='bbox 306 1722 376 1795; x_wconf 89' lang='lat' dir='ltr'>(nam</span> <span class='ocrx_word' id='word_1_68' title='bbox 404 1723 518 1778; x_wconf 87' lang='lat' dir='ltr'>aliorum</span> <span class='ocrx_word' id='word_1_69' title='bbox 543 1723 652 1777; x_wconf 88' lang='lat' dir='ltr'>inuenta</span> <span class='ocrx_word' id='word_1_70' title='bbox 678 1740 839 1777; x_wconf 89' lang='lat' dir='ltr'>commemo-</span> 
     </span>
     <span class='ocr_line' id='line_1_11' title="bbox 84 1806 839 1879; baseline 0 -18"><span class='ocrx_word' id='word_1_71' title='bbox 84 1824 143 1862; x_wconf 86' lang='lat' dir='ltr'>rare</span> <span class='ocrx_word' id='word_1_72' title='bbox 167 1807 261 1863; x_wconf 88' lang='lat' dir='ltr'>inutile</span> <span class='ocrx_word' id='word_1_73' title='bbox 286 1806 337 1879; x_wconf 84' lang='lat' dir='ltr'>est)</span> <span class='ocrx_word' id='word_1_74' title='bbox 362 1814 431 1862; x_wconf 83' lang='lat' dir='ltr'>uer!</span> <span class='ocrx_word' id='word_1_75' title='bbox 455 1815 574 1862; x_wconf 70' lang='lat' dir='ltr'>retronis</span> <span class='ocrx_word' id='word_1_76' title='bbox 590 1808 728 1862; x_wconf 84' lang='lat' dir='ltr'>orbisest.</span> <span class='ocrx_word' id='word_1_77' title='bbox 763 1807 839 1873; x_wconf 76' lang='lat' dir='ltr'>Quod</span> 
     </span>
     <span class='ocr_line' id='line_1_12' title="bbox 84 1891 840 1964; baseline 0 -19"><span class='ocrx_word' id='word_1_78' title='bbox 84 1908 243 1964; x_wconf 80' lang='lat' dir='ltr'>quamquam</span> <span class='ocrx_word' id='word_1_79' title='bbox 260 1891 329 1948; x_wconf 83' lang='lat' dir='ltr'>belle</span> <span class='ocrx_word' id='word_1_80' title='bbox 345 1891 526 1963; x_wconf 82' lang='lat' dir='ltr'>excogitatum</span> <span class='ocrx_word' id='word_1_81' title='bbox 543 1899 599 1952; x_wconf 89' lang='lat' dir='ltr'>est,</span> <span class='ocrx_word' id='word_1_82' title='bbox 621 1891 736 1964; x_wconf 86' lang='lat' dir='ltr'>probare</span> <span class='ocrx_word' id='word_1_83' title='bbox 752 1898 840 1946; x_wconf 88' lang='lat' dir='ltr'>tamen</span> 
     </span>
     <span class='ocr_line' id='line_1_13' title="bbox 84 1975 839 2047; baseline 0.001 -18"><span class='ocrx_word' id='word_1_84' title='bbox 84 1992 205 2047; x_wconf 82' lang='lat' dir='ltr'>nequeo:</span> <span class='ocrx_word' id='word_1_85' title='bbox 229 1985 331 2031; x_wconf 87' lang='lat' dir='ltr'>namet</span> <span class='ocrx_word' id='word_1_86' title='bbox 347 1975 565 2031; x_wconf 69' lang='lat' dir='ltr'>exclamationem</span> <span class='ocrx_word' id='word_1_87' title='bbox 582 1975 744 2036; x_wconf 83' lang='lat' dir='ltr'>huiusmodi,</span> <span class='ocrx_word' id='word_1_88' title='bbox 762 1975 839 2031; x_wconf 91' lang='lat' dir='ltr'>euius</span> 
     </span>
     <span class='ocr_line' id='line_1_14' title="bbox 83 2058 840 2132; baseline -0.001 -18"><span class='ocrx_word' id='word_1_89' title='bbox 83 2058 204 2132; x_wconf 79' lang='lat' dir='ltr'>exempla</span> <span class='ocrx_word' id='word_1_90' title='bbox 228 2061 328 2116; x_wconf 83' lang='lat' dir='ltr'>frustra</span> <span class='ocrx_word' id='word_1_91' title='bbox 350 2060 531 2132; x_wconf 83' lang='lat' dir='ltr'>quaesiueris‚</span> <span class='ocrx_word' id='word_1_92' title='bbox 552 2060 663 2132; x_wconf 79' lang='lat' dir='ltr'>antiquo</span> <span class='ocrx_word' id='word_1_93' title='bbox 679 2067 774 2132; x_wconf 88' lang='lat' dir='ltr'>poetae</span> <span class='ocrx_word' id='word_1_94' title='bbox 792 2059 840 2114; x_wconf 89' lang='lat' dir='ltr'>tri·</span> 
     </span>
     <span class='ocr_line' id='line_1_15' title="bbox 85 2143 838 2217; baseline 0.003 -20"><span class='ocrx_word' id='word_1_95' title='bbox 85 2143 167 2198; x_wconf 72' lang='lat' dir='ltr'>liuere</span> <span class='ocrx_word' id='word_1_96' title='bbox 189 2145 283 2200; x_wconf 77' lang='lat' dir='ltr'>rtiiirito</span> <span class='ocrx_word' id='word_1_97' title='bbox 305 2153 331 2200; x_wconf 88' lang='lat' dir='ltr'>ct</span> <span class='ocrx_word' id='word_1_98' title='bbox 350 2162 430 2217; x_wconf 80' lang='lat' dir='ltr'>aegre</span> <span class='ocrx_word' id='word_1_99' title='bbox 454 2145 512 2199; x_wconf 83' lang='lat' dir='ltr'>sero</span> <span class='ocrx_word' id='word_1_100' title='bbox 534 2145 715 2216; x_wconf 89' lang='lat' dir='ltr'>interruptam</span> <span class='ocrx_word' id='word_1_101' title='bbox 731 2144 780 2198; x_wconf 89' lang='lat' dir='ltr'>hac</span> <span class='ocrx_word' id='word_1_102' title='bbox 797 2160 838 2199; x_wconf 89' lang='lat' dir='ltr'>ra·</span> 
     </span>
     <span class='ocr_line' id='line_1_16' title="bbox 46 2225 838 2302; baseline 0.003 -21"><span class='ocrx_word' id='word_1_103' title='bbox 46 2225 49 2229; x_wconf 79' lang='grc'><strong>’</strong></span> <span class='ocrx_word' id='word_1_104' title='bbox 84 2228 158 2282; x_wconf 89' lang='lat' dir='ltr'>tione</span> <span class='ocrx_word' id='word_1_105' title='bbox 179 2229 349 2302; x_wconf 79' lang='lat' dir='ltr'>repetitionis</span> <span class='ocrx_word' id='word_1_106' title='bbox 371 2228 498 2301; x_wconf 79' lang='lat' dir='ltr'>figuram,</span> <span class='ocrx_word' id='word_1_107' title='bbox 530 2246 581 2302; x_wconf 84' lang='lat' dir='ltr'>qua</span> <span class='ocrx_word' id='word_1_108' title='bbox 603 2229 645 2284; x_wconf 91' lang='lat' dir='ltr'>uis</span> <span class='ocrx_word' id='word_1_109' title='bbox 667 2236 694 2283; x_wconf 92' lang='lat' dir='ltr'>et</span> <span class='ocrx_word' id='word_1_110' title='bbox 717 2228 838 2300; x_wconf 81' lang='lat' dir='ltr'>grauitas</span> 
     </span>
     <span class='ocr_line' id='line_1_17' title="bbox 84 2312 839 2369; baseline -0.001 -2"><span class='ocrx_word' id='word_1_111' title='bbox 84 2312 201 2367; x_wconf 89' lang='lat' dir='ltr'>ineuntis</span> <span class='ocrx_word' id='word_1_112' title='bbox 222 2314 346 2369; x_wconf 89' lang='lat' dir='ltr'>carminis</span> <span class='ocrx_word' id='word_1_113' title='bbox 369 2313 537 2369; x_wconf 89' lang='lat' dir='ltr'>continetur:</span> <span class='ocrx_word' id='word_1_114' title='bbox 566 2328 619 2368; x_wconf 81' lang='lat' dir='ltr'>uer</span> <span class='ocrx_word' id='word_1_115' title='bbox 640 2330 759 2368; x_wconf 81' lang='lat' dir='ltr'>nouom:</span> <span class='ocrx_word' id='word_1_116' title='bbox 786 2328 839 2368; x_wconf 84' lang='lat' dir='ltr'>uer</span> 
     </span>
     <span class='ocr_line' id='line_1_18' title="bbox 83 2398 840 2453; baseline 0.001 -2"><span class='ocrx_word' id='word_1_117' title='bbox 83 2398 140 2452; x_wconf 78' lang='lat' dir='ltr'>iarn</span> <span class='ocrx_word' id='word_1_118' title='bbox 156 2413 311 2452; x_wconf 70' lang='lat' dir='ltr'>coriorum:</span> <span class='ocrx_word' id='word_1_119' title='bbox 333 2414 401 2453; x_wconf 84' lang='lat' dir='ltr'>uere</span> <span class='ocrx_word' id='word_1_120' title='bbox 417 2405 501 2452; x_wconf 75' lang='lat' dir='ltr'>rocetos</span> <span class='ocrx_word' id='word_1_121' title='bbox 517 2399 592 2453; x_wconf 82' lang='lat' dir='ltr'>erbis</span> <span class='ocrx_word' id='word_1_122' title='bbox 610 2405 668 2452; x_wconf 75' lang='lat' dir='ltr'>est:</span> <span class='ocrx_word' id='word_1_123' title='bbox 690 2413 758 2451; x_wconf 80' lang='lat' dir='ltr'>uere</span> <span class='ocrx_word' id='word_1_124' title='bbox 774 2414 840 2452; x_wconf 88' lang='lat' dir='ltr'>eon-</span> 
     </span>
     <span class='ocr_line' id='line_1_19' title="bbox 1 2481 838 2553; baseline -0.001 -17"><span class='ocrx_word' id='word_1_125' title='bbox 1 2503 2 2508; x_wconf 48' lang='lat'><em>*</em></span> <span class='ocrx_word' id='word_1_126' title='bbox 83 2483 205 2537; x_wconf 71' lang='lat' dir='ltr'>condent</span> <span class='ocrx_word' id='word_1_127' title='bbox 213 2486 339 2537; x_wconf 71' lang='lat' dir='ltr'>amores:</span> <span class='ocrx_word' id='word_1_128' title='bbox 353 2498 421 2538; x_wconf 83' lang='lat' dir='ltr'>uere</span> <span class='ocrx_word' id='word_1_129' title='bbox 435 2483 544 2537; x_wconf 79' lang='lat' dir='ltr'>raatbont</span> <span class='ocrx_word' id='word_1_130' title='bbox 555 2483 644 2536; x_wconf 79' lang='lat' dir='ltr'>aliter.</span> <span class='ocrx_word' id='word_1_131' title='bbox 661 2481 838 2553; x_wconf 77' lang='lat' dir='ltr'>Praecipuum</span> 
     </span>
     <span class='ocr_line' id='line_1_20' title="bbox 83 2564 838 2638; baseline -0.001 -17"><span class='ocrx_word' id='word_1_132' title='bbox 83 2575 173 2621; x_wconf 86' lang='lat' dir='ltr'>autern</span> <span class='ocrx_word' id='word_1_133' title='bbox 201 2575 389 2637; x_wconf 76' lang='lat' dir='ltr'>argumentum</span> <span class='ocrx_word' id='word_1_134' title='bbox 410 2585 458 2622; x_wconf 89' lang='lat' dir='ltr'>cur</span> <span class='ocrx_word' id='word_1_135' title='bbox 479 2574 506 2621; x_wconf 90' lang='lat' dir='ltr'>ct</span> <span class='ocrx_word' id='word_1_136' title='bbox 529 2566 637 2638; x_wconf 79' lang='lat' dir='ltr'>Sauppii</span> <span class='ocrx_word' id='word_1_137' title='bbox 668 2574 695 2620; x_wconf 89' lang='lat' dir='ltr'>et</span> <span class='ocrx_word' id='word_1_138' title='bbox 721 2564 838 2637; x_wconf 82' lang='lat' dir='ltr'>reliquas</span> 
     </span>
     <span class='ocr_line' id='line_1_21' title="bbox 83 2650 839 2722; baseline -0.001 -17"><span class='ocrx_word' id='word_1_139' title='bbox 83 2651 253 2706; x_wconf 87' lang='lat' dir='ltr'>coniecturas</span> <span class='ocrx_word' id='word_1_140' title='bbox 272 2668 363 2706; x_wconf 86' lang='lat' dir='ltr'>omnes</span> <span class='ocrx_word' id='word_1_141' title='bbox 380 2651 485 2707; x_wconf 82' lang='lat' dir='ltr'>reiciam</span> <span class='ocrx_word' id='word_1_142' title='bbox 505 2650 555 2704; x_wconf 85' lang='lat' dir='ltr'>hoc</span> <span class='ocrx_word' id='word_1_143' title='bbox 576 2657 629 2712; x_wconf 84' lang='lat' dir='ltr'>cst,</span> <span class='ocrx_word' id='word_1_144' title='bbox 653 2650 726 2722; x_wconf 83' lang='lat' dir='ltr'>qnod</span> <span class='ocrx_word' id='word_1_145' title='bbox 747 2658 839 2704; x_wconf 90' lang='lat' dir='ltr'>aucto·</span> 
     </span>
     <span class='ocr_line' id='line_1_22' title="bbox 85 2733 850 2794; baseline -0.012 -5"><span class='ocrx_word' id='word_1_146' title='bbox 85 2736 165 2790; x_wconf 85' lang='lat' dir='ltr'>ritate</span> <span class='ocrx_word' id='word_1_147' title='bbox 185 2736 310 2790; x_wconf 89' lang='lat' dir='ltr'>nituntur</span> <span class='ocrx_word' id='word_1_148' title='bbox 332 2734 470 2790; x_wconf 82' lang='lat' dir='ltr'>Pitlrocani</span> <span class='ocrx_word' id='word_1_149' title='bbox 492 2734 570 2794; x_wconf 72' lang='lat' dir='ltr'>libri,</span> <span class='ocrx_word' id='word_1_150' title='bbox 597 2751 655 2787; x_wconf 89' lang='lat' dir='ltr'>non</span> <span class='ocrx_word' id='word_1_151' title='bbox 674 2733 850 2786; x_wconf 63' lang='lat' dir='ltr'>Satmuciau&#39;x.</span> 
     </span>
     <span class='ocr_line' id='line_1_23' title="bbox 82 2817 884 2901; baseline -0.004 -28"><span class='ocrx_word' id='word_1_152' title='bbox 82 2818 141 2901; x_wconf 61' lang='grc' dir='ltr'>οΕιεί</span> <span class='ocrx_word' id='word_1_153' title='bbox 162 2819 232 2876; x_wconf 83' lang='lat' dir='ltr'>enirn</span> <span class='ocrx_word' id='word_1_154' title='bbox 256 2838 288 2878; x_wconf 83' lang='lat' dir='ltr'>en</span> <span class='ocrx_word' id='word_1_155' title='bbox 312 2821 411 2880; x_wconf 73' lang='lat' dir='ltr'>centem</span> <span class='ocrx_word' id='word_1_156' title='bbox 432 2830 588 2892; x_wconf 73' lang='lat' dir='ltr'>utrumrpo</span> <span class='ocrx_word' id='word_1_157' title='bbox 610 2817 771 2880; x_wconf 47' lang='lat' dir='ltr'>armemur</span> <span class='ocrx_word' id='word_1_158' title='bbox 791 2817 884 2870; x_wconf 53' lang='lat' dir='ltr'>xum</span> 
     </span>
    </p>
   </div>
   <div class='ocr_carea' id='block_1_5' title="bbox 0 0 986 3202">
    <p class='ocr_par' dir='ltr' id='par_1_5' title="bbox 0 0 986 3202">
     <span class='ocr_line' id='line_1_24' title="bbox 0 0 986 3202; baseline 0 0"><span class='ocrx_word' id='word_1_159' title='bbox 0 0 986 3202; x_wconf 95' lang='lat' dir='ltr'> </span> 
     </span>
    </p>
   </div>
  </div>
 </body>
</html>
