1964 3202
129 371 163 422 46
348 387 535 424 rnnv1e1n1vn
547 387 667 423 varinnis

128 547 202 584 more
220 528 393 602 philomelam
409 528 454 585 uel
466 529 594 596 aedonem
605 545 670 602 prae
685 527 827 584 chelidone
839 546 891 586 no·

127 614 237 675 minare,
254 631 321 686 quac
333 613 390 669 sola
406 614 491 669 dulcis
507 622 601 669 cantus
618 620 645 667 et
660 613 785 668 carminis
800 629 890 668 exem-

127 697 201 771 plum
222 699 286 753 ost’.
316 699 344 753 ln
370 714 424 770 quo
443 705 588 771 praecepto
612 697 693 753 homo
714 700 890 771 quantumuis

128 783 267 838 litteratus
281 783 365 838 falsus
380 783 636 857 esromnino:‚11am
653 790 684 837 ut
703 799 785 837 unum
799 799 890 838 exem·

126 867 201 941 plum
214 867 358 941 proferam,
372 884 426 939 quo
444 867 617 922 hirundinum
631 875 739 922 cantum
751 875 887 940 tamquam

126 952 275 1025 prouerbio
288 951 468 1007 increlrruisse
484 952 694 1012 demonstratur,
712 951 739 1005 in
751 951 888 1007 uenustis-

128 1039 196 1091 simo
218 1036 264 1091 illo
281 1036 363 1091 titulo
379 1035 551 1090 Homonoeae
571 1035 737 1091 conlibertae
750 1043 777 1089 et
792 1043 888 1091 contu·

82 1112 85 1115 Δ
128 1121 230 1176 lternali
253 1121 345 1193 posito
373 1120 406 1174 alr
429 1119 548 1175 Atimeto
569 1120 635 1175 haec
660 1119 756 1175 hahes:
777 1107 886 1192 ἡπολύ

125 1196 280 1280 Σειρήνων
296 1199 474 1278 λιγυρωτὲρη
492 1245 564 1260 .....
582 1193 600 1275 ἡ
617 1202 701 1275 lello
722 1193 833 1277 φαιδρή
856 1221 886 1259 τε

125 1286 247 1362 χελειδ
254 1307 269 1344 o
278 1283 311 1343 vl
321 1309 335 1355 ς
344 1277 557 1361 ἔνθ’Ὁμόνοια
569 1289 675 1361 κεῖμαι.
692 1287 773 1345 Plura
782 1289 887 1345 deside-

126 1374 196 1429 ranti
216 1383 271 1430 tum
290 1375 458 1429 Burmannus
478 1375 508 1427 Α.
525 1375 553 1428 L.
573 1375 605 1428 lV
626 1381 745 1434 latitura
764 1374 886 1430 Osaunue

127 1461 153 1514 in
169 1459 275 1532 sylloge
294 1458 503 1532 inscriptionum
518 1465 604 1532 pl93
618 1476 715 1514 uersus
731 1457 793 1514 illos
809 1475 886 1514 enar·

126 1551 216 1598 rantes
234 1543 452 1618 suppeditabunt.
468 1543 617 1617 lipsiensis
632 1552 721 1598 autem
739 1531 753 1596 d
772 1538 884 1614 ψευδα-

125 1617 219 1694 tetdo
241 1637 402 1702 portentoso
424 1629 476 1683 hoe
498 1628 602 1683 somnio
619 1645 685 1683 usus
706 1635 747 1682 est
764 1628 886 1683 ‘uidetur

125 1713 209 1785 igitur
223 1713 352 1768 Chelidon
375 1729 472 1767 nornen
489 1729 548 1767 esse
562 1711 736 1768 mulierculae
756 1711 803 1768 illo
817 1721 885 1768 tem·

124 1815 191 1871 pore
213 1798 277 1851 satis
301 1795 465 1857 celebratae,
482 1797 514 1851 di
536 1815 587 1869 qua
605 1796 724 1852 narratio
743 1798 883 1869 quaedam,

125 1900 192 1954 (pirae
209 1899 263 1954 quo
284 1889 364 1955 pacto
388 1880 432 1935 illa
452 1881 588 1936 silentium
609 1882 736 1954 rupisset,
753 1881 884 1953 peculiari

123 1967 229 2023 ratione
244 1967 367 2027 referret,
384 1965 543 2022 serebatur’.
577 1965 681 2021 Etenim
697 1966 736 2021 ‘si
754 1965 884 2022 Chelidon

124 2050 318 2126 appellatiuurn
348 2058 428 2112 esset,
461 2068 515 2106 non
544 2051 755 2123 intelligeretur,
790 2049 897 2122 quidni>

122 2145 203 2210 poeta
219 2136 330 2191 dixisset
347 2137 425 2190 uelut
444 2136 582 2196 hirundo,
605 2135 677 2208 quod
692 2134 770 2190 facile
784 2134 812 2189 in
829 2152 884 2190 rne-

18 2282 20 2287 1
122 2229 194 2276 trum
211 2220 379 2276 coaluisset'.
401 2219 507 2287 Quidni,
526 2220 641 2293 inquam,
659 2219 727 2274 idern
740 2224 794 2277 ul
804 2218 884 2290 fulta

121 2308 190 2362 solio
205 2307 352 2375 splendido
369 2305 473 2360 dicebat
486 2306 531 2360 sed
545 2304 624 2375 fulto
642 2305 754 2359 sublimi
770 2304 881 2366 throno,

123 2390 215 2463 quidni
231 2407 256 2443 u.
275 2396 308 2449 65
319 2403 432 2459 perque
449 2389 590 2444 scalditum
609 2405 688 2443 mure
708 2389 755 2443 sed
768 2403 882 2459 perque

119 2482 236 2545 pontum
261 2475 429 2540 scalditum·
447 2473 539 2546 quidni
562 2491 588 2528 u.
604 2479 638 2532 85
663 2481 765 2544 stupeo
789 2475 883 2527 olores

116 2565 308 2629 perstrepunt
323 2547 368 2613 sed
384 2566 486 2630 otopnu
504 2561 589 2630 cycni
599 2564 806 2628 perstrepunt?
833 2556 881 2612 Sin

121 2652 210 2698 atatem
230 2643 296 2698 haec
319 2643 402 2698 uerba
425 2643 524 2699 Graeca
551 2650 647 2717 utpote
670 2643 755 2715 magis
779 2641 880 2697 usitata

85 2771 92 2786 .
121 2745 175 2783 non
187 2728 284 2784 (lohere
298 2727 448 2800 comparari
462 2729 507 2783 isti
520 2728 671 2790 innuantur,
685 2744 747 2782 num
763 2743 880 2781 nouasse

108 2829 234 2880 prorsus
254 2811 407 2868 insolenter
423 2812 564 2870 chelidona
581 2812 689 2887 putabit
702 2810 880 2866 Pentadium?

93 2893 177 2944 eurus
192 2895 229 2948 (le
245 2898 325 2954 neris
335 2899 462 2959 aduentu
478 2901 522 2961 hic
534 2918 639 2958 uersus
655 2905 698 2954 est
709 2893 895 2969 lapudllepe·
