1964 3202
129 148 161 198 50
348 161 534 197 rnnv1e1n1vu
547 162 664 196 vennere

130 304 227 366 merari
243 312 342 377 potest.
359 303 460 359 accedit
482 303 597 375 (lenique
609 303 704 358 lliarrao
723 321 887 360 commemo·

131 389 201 445 ratio
216 407 242 444 u.
258 395 300 450 38,
318 406 385 461 quae
404 388 468 442 item
477 388 578 443 Graeco
591 387 789 443 nomineDelio
802 389 887 447 ,inue-

130 483 220 536 catur‚
240 472 273 527 ab
285 472 381 528 Siculis
392 480 422 527 ut
434 460 558 543 σώτειρα
572 470 776 544 religiosissime
788 473 884 528 culla’.

129 559 164 612 At
182 557 305 613 nonfuit
321 556 460 613 sollemnis
482 565 576 620 cantus
591 556 779 628 peruigilium:
801 556 887 612 clreli·

128 643 198 698 lona
220 648 246 697 ct
269 642 369 698 aedona
389 649 417 696 et
438 640 634 721 similiaetiam
656 640 701 695 alii
719 641 888 715 usurpabant

129 727 257 783 Romanii
271 725 414 781 Romuleas
431 725 539 798 nuptias
555 725 592 779 ita
603 724 740 781 iliuellisse
756 743 806 781 nos
820 743 887 782 con·

128 811 233 868 fidimus
248 820 279 866 ut
293 828 348 866 non
367 810 463 865 iterum
482 809 673 866 concilientur:
695 810 794 866 Deliam
807 810 886 866 <leam

130 897 238 970 fugaces
265 896 355 968 lyncas
383 901 410 950 et
436 911 532 950 ceruos
552 893 722 950 cohibentem
744 912 808 950 areu
832 895 887 951 llo·

89 1029 93 1036 .
129 982 214 1036 ratius
240 980 396 1036 celebrauit.
437 978 506 1046 Quin
529 978 610 1034 immo
632 978 749 1034 Romana
775 996 886 1052 poema·

129 1065 164 1120 tis
179 1064 258 1121 huius
278 1065 371 1137 origo,
395 1063 447 1118 nisi
465 1063 645 1137 praeiudicata
664 1063 791 1136 opinione
806 1063 886 1120 ‹luca-

129 1150 182 1212 ris,
205 1148 308 1222 liquido
330 1149 378 1204 tihi
398 1147 602 1204 confirmabitur
623 1147 748 1204 uersibus
765 1153 885 1208 69—74.

130 1233 259 1289 Similiter
275 1250 341 1288 uero
357 1233 396 1288 illi
418 1240 543 1289 errarunt
559 1233 605 1304 qui
624 1233 804 1289 Romanorum
820 1251 887 1308 poe·

130 1325 217 1374 tarum
233 1317 308 1374 locos
323 1334 377 1373 non
393 1318 484 1374 nullos
501 1316 640 1390 Pcruigilii
663 1318 825 1392 scriptorem
840 1335 885 1374 ex·

128 1403 260 1476 pressisse
281 1411 327 1458 aut
347 1402 495 1475 Peruigilio
515 1400 576 1457 illos
597 1418 656 1457 esse
676 1419 741 1458 usos
758 1402 809 1457 silii
823 1420 887 1476 per·

128 1495 275 1543 suaserant.
305 1487 370 1541 llam
386 1496 416 1542 ut
429 1495 492 1542 ante
510 1485 603 1541 oeulos
618 1486 670 1542 hoc
684 1504 791 1542 carmen
805 1504 885 1542 nemo

129 1571 222 1627 habuit
243 1580 351 1644 practer
366 1571 549 1644 Fulgentinm
577 1571 613 1626 ita
629 1571 695 1626 alios
712 1580 808 1644 poetas
826 1571 886 1626 imi·

128 1656 201 1713 tamli
231 1656 348 1711 studium
379 1655 482 1712 nullum
514 1664 665 1729 comparet,
703 1656 766 1710 dum
803 1656 887 1711 modo

128 1758 237 1797 uersum
255 1747 288 1801 62
304 1741 440 1814 exceperis
460 1741 591 1796 intextum
612 1759 627 1795 a
648 1739 761 1795 librario
781 1748 808 1794 et
824 1757 886 1796 uer·

129 1833 238 1895 sun185
268 1842 346 1898 quem
373 1825 404 1879 ael
436 1825 592 1880 memoriam
618 1841 714 1880 uersus
738 1823 886 1898 Vergiliani

128 1910 252 1965 Aeneidis
268 1909 300 1964 xl
319 1915 371 1968 458
385 1912 454 1964 dent
471 1911 592 1965 sonitum
612 1912 696 1965 rauci
709 1925 766 1979 per
780 1917 886 1981 stupea

127 1996 259 2066 loquacia
273 1995 356 2066 cycni
371 1994 489 2049 concedo
505 1994 634 2048 dellexum
651 1994 745 2049 nirleri.
775 1993 813 2048 Ex
828 1993 887 2048 ual-

128 2079 219 2152 pnrnii
240 2086 328 2134 autem
350 2078 444 2151 ecloga
465 2078 475 2132 l
495 2078 635 2150 Peruigilii
658 2095 768 2133 uersum
787 2085 820 2137 81
839 2078 885 2134 ‹le-

128 2172 284 2237 promptum
299 2181 371 2225 esse,
393 2163 416 2218 si
433 2162 493 2235 quis
509 2162 728 2236 circumspectam
744 2163 793 2219 hac
807 2163 840 2243 (lc
855 2179 884 2218 re

130 2246 221 2313 Orellii
240 2266 266 2320 p.
284 2255 335 2306 218
350 2248 509 2303 sententiam
525 2247 688 2320 expenderit,
704 2264 760 2302 non
776 2246 886 2303 arrdebit

130 2332 297 2388 adseuerare.
323 2332 441 2404 nonique
463 2332 508 2405 qui
525 2339 602 2387 certo
621 2333 693 2388 laune
708 2341 816 2405 poetam
834 2347 885 2386 no·

129 2416 200 2472 mine
216 2417 439 2490 designaucrunt,
465 2416 493 2470 in
512 2416 563 2472 hoc
578 2417 684 2488 quirlom
703 2416 829 2491 lriuolam
844 2432 886 2472 se·

129 2500 270 2557 elabantur
291 2501 537 2562 ratiocinationem,
560 2500 664 2557 laudem
682 2509 769 2556 tamen
787 2518 819 2556 co
837 2500 886 2555 ali·

131 2603 209 2656 quam
231 2603 366 2648 meruere,
388 2586 460 2658 quod
478 2585 547 2658 apuel
567 2584 635 2642 alios
651 2586 800 2659 scriptores
817 2601 886 2659 quae

111 2665 180 2720 hnic
189 2671 323 2737 poemati
341 2669 478 2745 leguntur
499 2670 654 2730 consimilia
669 2669 764 2727 seuulo
779 2669 891 2738 conuul-
