<?xml version="1.0" encoding="UTF-8"?>
<!DOCTYPE html PUBLIC "-//W3C//DTD XHTML 1.0 Transitional//EN"
    "http://www.w3.org/TR/xhtml1/DTD/xhtml1-transitional.dtd">
<html xmlns="http://www.w3.org/1999/xhtml" xml:lang="en" lang="en">
 <head>
  <title>
</title>
<meta http-equiv="Content-Type" content="text/html;charset=utf-8" />
  <meta name='ocr-system' content='tesseract 3.04.00' />
  <meta name='ocr-capabilities' content='ocr_page ocr_carea ocr_par ocr_line ocrx_word'/>
</head>
<body>
  <div class='ocr_page' id='page_1' title='image "./pervigiliumvene00buecgoog_0035.png"; bbox 0 0 1964 3202; ppageno 0'>
   <div class='ocr_carea' id='block_1_1' title="bbox 188 185 723 238">
    <p class='ocr_par' dir='ltr' id='par_1_1' title="bbox 188 185 723 238">
     <span class='ocr_line' id='line_1_1' title="bbox 188 185 723 238; baseline -0.004 -2"><span class='ocrx_word' id='word_1_1' title='bbox 188 185 221 236; x_wconf 84' lang='lat'>30</span> <span class='ocrx_word' id='word_1_2' title='bbox 406 203 590 238; x_wconf 78' lang='lat' dir='ltr'>runvlorulvu</span> <span class='ocrx_word' id='word_1_3' title='bbox 604 202 723 237; x_wconf 79' lang='lat' dir='ltr'>vunnurs</span> 
     </span>
    </p>
   </div>
   <div class='ocr_carea' id='block_1_2' title="bbox 95 342 957 2786">
    <p class='ocr_par' dir='ltr' id='par_1_2' title="bbox 95 342 957 2786">
     <span class='ocr_line' id='line_1_2' title="bbox 186 342 943 415; baseline -0.004 -17"><span class='ocrx_word' id='word_1_4' title='bbox 186 346 296 414; x_wconf 82' lang='lat' dir='ltr'>prolem</span> <span class='ocrx_word' id='word_1_5' title='bbox 318 351 465 415; x_wconf 80' lang='lat' dir='ltr'>posterum</span> <span class='ocrx_word' id='word_1_6' title='bbox 492 352 518 398; x_wconf 91' lang='lat' dir='ltr'>et</span> <span class='ocrx_word' id='word_1_7' title='bbox 537 342 667 399; x_wconf 83' lang='lat' dir='ltr'>librorum</span> <span class='ocrx_word' id='word_1_8' title='bbox 681 349 795 397; x_wconf 80' lang='lat' dir='ltr'>crearet</span> <span class='ocrx_word' id='word_1_9' title='bbox 812 344 943 397; x_wconf 88' lang='lat' dir='ltr'>seruauit.</span> 
     </span>
     <span class='ocr_line' id='line_1_3' title="bbox 189 421 945 498; baseline -0.003 -16"><span class='ocrx_word' id='word_1_10' title='bbox 189 435 223 482; x_wconf 80' lang='lat' dir='ltr'>At</span> <span class='ocrx_word' id='word_1_11' title='bbox 243 428 323 484; x_wconf 78' lang='lat' dir='ltr'>liuius</span> <span class='ocrx_word' id='word_1_12' title='bbox 342 429 473 483; x_wconf 89' lang='lat' dir='ltr'>enuntiati</span> <span class='ocrx_word' id='word_1_13' title='bbox 495 421 628 483; x_wconf 89' lang='lat' dir='ltr'>sententia</span> <span class='ocrx_word' id='word_1_14' title='bbox 655 444 708 498; x_wconf 91' lang='lat' dir='ltr'>quo</span> <span class='ocrx_word' id='word_1_15' title='bbox 736 426 892 482; x_wconf 86' lang='lat' dir='ltr'>reficeretur</span> <span class='ocrx_word' id='word_1_16' title='bbox 918 427 945 480; x_wconf 95' lang='lat' dir='ltr'>in</span> 
     </span>
     <span class='ocr_line' id='line_1_4' title="bbox 190 510 944 584; baseline -0.005 -16"><span class='ocrx_word' id='word_1_17' title='bbox 190 512 286 568; x_wconf 87' lang='lat' dir='ltr'>melius</span> <span class='ocrx_word' id='word_1_18' title='bbox 306 521 380 568; x_wconf 89' lang='lat' dir='ltr'>certe</span> <span class='ocrx_word' id='word_1_19' title='bbox 396 521 499 582; x_wconf 83' lang='lat' dir='ltr'>potres</span> <span class='ocrx_word' id='word_1_20' title='bbox 520 529 573 566; x_wconf 91' lang='lat' dir='ltr'>non</span> <span class='ocrx_word' id='word_1_21' title='bbox 589 511 721 567; x_wconf 69' lang='lat' dir='ltr'>debellant</span> <span class='ocrx_word' id='word_1_22' title='bbox 738 510 822 584; x_wconf 81' lang='lat' dir='ltr'>accipi</span> <span class='ocrx_word' id='word_1_23' title='bbox 837 519 944 566; x_wconf 91' lang='lat' dir='ltr'>senato-</span> 
     </span>
     <span class='ocr_line' id='line_1_5' title="bbox 183 595 946 669; baseline -0.003 -17"><span class='ocrx_word' id='word_1_24' title='bbox 183 615 233 652; x_wconf 89' lang='lat' dir='ltr'>res</span> <span class='ocrx_word' id='word_1_25' title='bbox 250 598 295 652; x_wconf 92' lang='lat' dir='ltr'>sed</span> <span class='ocrx_word' id='word_1_26' title='bbox 314 597 450 652; x_wconf 81' lang='lat' dir='ltr'>coniuncti</span> <span class='ocrx_word' id='word_1_27' title='bbox 466 614 526 652; x_wconf 86' lang='lat' dir='ltr'>curu</span> <span class='ocrx_word' id='word_1_28' title='bbox 544 596 688 669; x_wconf 79' lang='lat' dir='ltr'>nepotibus</span> <span class='ocrx_word' id='word_1_29' title='bbox 702 595 848 651; x_wconf 71' lang='lat' dir='ltr'>equares.</span> <span class='ocrx_word' id='word_1_30' title='bbox 866 596 946 650; x_wconf 87' lang='lat' dir='ltr'>Prae·</span> 
     </span>
     <span class='ocr_line' id='line_1_6' title="bbox 189 680 947 756; baseline -0.001 -20"><span class='ocrx_word' id='word_1_31' title='bbox 189 682 295 737; x_wconf 89' lang='lat' dir='ltr'>inerant</span> <span class='ocrx_word' id='word_1_32' title='bbox 316 692 403 736; x_wconf 89' lang='lat' dir='ltr'>autern</span> <span class='ocrx_word' id='word_1_33' title='bbox 426 681 453 735; x_wconf 94' lang='lat' dir='ltr'>in</span> <span class='ocrx_word' id='word_1_34' title='bbox 467 681 535 736; x_wconf 80' lang='lat' dir='ltr'>lianc</span> <span class='ocrx_word' id='word_1_35' title='bbox 554 689 656 754; x_wconf 85' lang='lat' dir='ltr'>partem</span> <span class='ocrx_word' id='word_1_36' title='bbox 677 681 806 735; x_wconf 82' lang='lat' dir='ltr'><strong>Pithoeus</strong></span> <span class='ocrx_word' id='word_1_37' title='bbox 826 680 947 756; x_wconf 88' lang='lat' dir='ltr'>Lipsius·</span> 
     </span>
     <span class='ocr_line' id='line_1_7' title="bbox 188 764 945 838; baseline -0.003 -17"><span class='ocrx_word' id='word_1_38' title='bbox 188 784 240 838; x_wconf 88' lang='lat' dir='ltr'>quc</span> <span class='ocrx_word' id='word_1_39' title='bbox 262 775 289 821; x_wconf 89' lang='lat' dir='ltr'>ct</span> <span class='ocrx_word' id='word_1_40' title='bbox 310 783 403 820; x_wconf 87' lang='lat' dir='ltr'>eorum</span> <span class='ocrx_word' id='word_1_41' title='bbox 423 765 578 823; x_wconf 76' lang='lat' dir='ltr'>auctoritati</span> <span class='ocrx_word' id='word_1_42' title='bbox 600 765 646 837; x_wconf 89' lang='lat' dir='ltr'>qui</span> <span class='ocrx_word' id='word_1_43' title='bbox 661 771 811 838; x_wconf 85' lang='lat' dir='ltr'>paruerunt</span> <span class='ocrx_word' id='word_1_44' title='bbox 824 764 945 820; x_wconf 88' lang='lat' dir='ltr'>editores</span> 
     </span>
     <span class='ocr_line' id='line_1_8' title="bbox 187 848 945 923; baseline -0.003 -19"><span class='ocrx_word' id='word_1_45' title='bbox 187 850 324 923; x_wconf 81' lang='lat' dir='ltr'>plerique,</span> <span class='ocrx_word' id='word_1_46' title='bbox 346 850 385 906; x_wconf 93' lang='lat' dir='ltr'>sic</span> <span class='ocrx_word' id='word_1_47' title='bbox 400 850 586 922; x_wconf 80' lang='lat' dir='ltr'>corrigentes:</span> <span class='ocrx_word' id='word_1_48' title='bbox 603 851 677 904; x_wconf 87' lang='lat' dir='ltr'>uude</span> <span class='ocrx_word' id='word_1_49' title='bbox 694 849 821 904; x_wconf 84' lang='lat' dir='ltr'>Ramnes</span> <span class='ocrx_word' id='word_1_50' title='bbox 836 856 862 903; x_wconf 86' lang='lat' dir='ltr'>et</span> <span class='ocrx_word' id='word_1_51' title='bbox 878 848 945 914; x_wconf 82' lang='lat' dir='ltr'>Qui-</span> 
     </span>
     <span class='ocr_line' id='line_1_9' title="bbox 187 934 946 1006; baseline -0.003 -17"><span class='ocrx_word' id='word_1_52' title='bbox 187 937 256 989; x_wconf 82' lang='lat' dir='ltr'>rites</span> <span class='ocrx_word' id='word_1_53' title='bbox 275 950 386 1006; x_wconf 83' lang='lat' dir='ltr'>proque</span> <span class='ocrx_word' id='word_1_54' title='bbox 404 936 487 1005; x_wconf 85' lang='lat' dir='ltr'>prole</span> <span class='ocrx_word' id='word_1_55' title='bbox 502 940 650 1005; x_wconf 86' lang='lat' dir='ltr'>posterum</span> <span class='ocrx_word' id='word_1_56' title='bbox 672 934 800 1002; x_wconf 83' lang='lat' dir='ltr'>Romuli,</span> <span class='ocrx_word' id='word_1_57' title='bbox 831 940 946 1002; x_wconf 83' lang='lat' dir='ltr'>putrem</span> 
     </span>
     <span class='ocr_line' id='line_1_10' title="bbox 187 1017 946 1090; baseline -0.003 -16"><span class='ocrx_word' id='word_1_58' title='bbox 187 1026 302 1074; x_wconf 83' lang='lat' dir='ltr'>creuret</span> <span class='ocrx_word' id='word_1_59' title='bbox 324 1027 350 1074; x_wconf 88' lang='lat' dir='ltr'>et</span> <span class='ocrx_word' id='word_1_60' title='bbox 372 1026 500 1088; x_wconf 79' lang='lat' dir='ltr'>nepotem</span> <span class='ocrx_word' id='word_1_61' title='bbox 522 1018 681 1073; x_wconf 86' lang='lat' dir='ltr'>Coesorem.</span> <span class='ocrx_word' id='word_1_62' title='bbox 718 1017 786 1073; x_wconf 78' lang='lat' dir='ltr'>Nolo</span> <span class='ocrx_word' id='word_1_63' title='bbox 808 1017 946 1090; x_wconf 84' lang='lat' dir='ltr'>inquirere</span> 
     </span>
     <span class='ocr_line' id='line_1_11' title="bbox 188 1102 946 1181; baseline -0.003 -23"><span class='ocrx_word' id='word_1_64' title='bbox 188 1103 251 1175; x_wconf 91' lang='lat' dir='ltr'>quid</span> <span class='ocrx_word' id='word_1_65' title='bbox 269 1112 376 1176; x_wconf 85' lang='lat' dir='ltr'>poetam</span> <span class='ocrx_word' id='word_1_66' title='bbox 393 1103 510 1158; x_wconf 87' lang='lat' dir='ltr'>mouerit</span> <span class='ocrx_word' id='word_1_67' title='bbox 532 1103 674 1176; x_wconf 89' lang='lat' dir='ltr'>proculab</span> <span class='ocrx_word' id='word_1_68' title='bbox 701 1102 870 1181; x_wconf 63' lang='lat' dir='ltr'>impagatoris</span> <span class='ocrx_word' id='word_1_69' title='bbox 892 1105 946 1156; x_wconf 82' lang='lat' dir='ltr'>Au·</span> 
     </span>
     <span class='ocr_line' id='line_1_12' title="bbox 95 1186 945 1260; baseline 0.001 -19"><span class='ocrx_word' id='word_1_70' title='bbox 95 1195 101 1210; x_wconf 90' lang='grc'><strong>’</strong></span> <span class='ocrx_word' id='word_1_71' title='bbox 187 1188 260 1260; x_wconf 88' lang='lat' dir='ltr'>gusti</span> <span class='ocrx_word' id='word_1_72' title='bbox 288 1196 374 1243; x_wconf 89' lang='lat' dir='ltr'>aetate</span> <span class='ocrx_word' id='word_1_73' title='bbox 397 1187 573 1249; x_wconf 82' lang='lat' dir='ltr'>disiunctum,</span> <span class='ocrx_word' id='word_1_74' title='bbox 597 1195 627 1253; x_wconf 86' lang='lat' dir='ltr'>ut</span> <span class='ocrx_word' id='word_1_75' title='bbox 649 1188 774 1242; x_wconf 82' lang='lat' dir='ltr'>Caesares</span> <span class='ocrx_word' id='word_1_76' title='bbox 793 1187 867 1259; x_wconf 89' lang='lat' dir='ltr'>ipsos</span> <span class='ocrx_word' id='word_1_77' title='bbox 882 1186 945 1242; x_wconf 91' lang='lat' dir='ltr'>illos</span> 
     </span>
     <span class='ocr_line' id='line_1_13' title="bbox 187 1271 945 1345; baseline -0.001 -18"><span class='ocrx_word' id='word_1_78' title='bbox 187 1273 278 1327; x_wconf 83' lang='lat' dir='ltr'>‹liuurn</span> <span class='ocrx_word' id='word_1_79' title='bbox 300 1272 395 1327; x_wconf 85' lang='lat' dir='ltr'>luliurn</span> <span class='ocrx_word' id='word_1_80' title='bbox 418 1280 444 1327; x_wconf 92' lang='lat' dir='ltr'>et</span> <span class='ocrx_word' id='word_1_81' title='bbox 464 1273 555 1326; x_wconf 76' lang='lat' dir='ltr'>cliuum</span> <span class='ocrx_word' id='word_1_82' title='bbox 576 1273 727 1345; x_wconf 82' lang='lat' dir='ltr'>Augustum</span> <span class='ocrx_word' id='word_1_83' title='bbox 746 1301 782 1311; x_wconf 86' lang='lat'>-</span> <span class='ocrx_word' id='word_1_84' title='bbox 801 1271 851 1332; x_wconf 78' lang='lat' dir='ltr'>laos</span> <span class='ocrx_word' id='word_1_85' title='bbox 874 1271 945 1326; x_wconf 87' lang='lat' dir='ltr'>eninr</span> 
     </span>
     <span class='ocr_line' id='line_1_14' title="bbox 108 1353 944 1429; baseline -0.001 -19"><span class='ocrx_word' id='word_1_86' title='bbox 108 1414 111 1419; x_wconf 55' lang='grc'>,</span> <span class='ocrx_word' id='word_1_87' title='bbox 188 1356 351 1429; x_wconf 86' lang='lat' dir='ltr'>interpretes</span> <span class='ocrx_word' id='word_1_88' title='bbox 375 1356 534 1429; x_wconf 80' lang='lat' dir='ltr'>intellegere</span> <span class='ocrx_word' id='word_1_89' title='bbox 553 1355 647 1412; x_wconf 91' lang='lat' dir='ltr'>solent</span> <span class='ocrx_word' id='word_1_90' title='bbox 672 1387 708 1397; x_wconf 90' lang='lat'><em>-</em></span> <span class='ocrx_word' id='word_1_91' title='bbox 734 1353 884 1428; x_wconf 87' lang='lat' dir='ltr'>appellaret</span> <span class='ocrx_word' id='word_1_92' title='bbox 900 1354 944 1410; x_wconf 88' lang='lat' dir='ltr'>acl</span> 
     </span>
     <span class='ocr_line' id='line_1_15' title="bbox 189 1440 945 1514; baseline 0 -19"><span class='ocrx_word' id='word_1_93' title='bbox 189 1458 242 1513; x_wconf 92' lang='lat' dir='ltr'>quo</span> <span class='ocrx_word' id='word_1_94' title='bbox 262 1441 320 1496; x_wconf 94' lang='lat' dir='ltr'>iure</span> <span class='ocrx_word' id='word_1_95' title='bbox 342 1440 437 1496; x_wconf 85' lang='lat' dir='ltr'>lulium</span> <span class='ocrx_word' id='word_1_96' title='bbox 460 1441 598 1498; x_wconf 82' lang='lat' dir='ltr'>Caesarem</span> <span class='ocrx_word' id='word_1_97' title='bbox 621 1451 723 1514; x_wconf 88' lang='lat' dir='ltr'>patrem</span> <span class='ocrx_word' id='word_1_98' title='bbox 745 1449 771 1494; x_wconf 90' lang='lat' dir='ltr'>et</span> <span class='ocrx_word' id='word_1_99' title='bbox 792 1441 945 1512; x_wconf 82' lang='lat' dir='ltr'>Augustum</span> 
     </span>
     <span class='ocr_line' id='line_1_16' title="bbox 187 1524 945 1599; baseline -0.004 -18"><span class='ocrx_word' id='word_1_100' title='bbox 187 1525 285 1581; x_wconf 81' lang='lat' dir='ltr'>dixerit</span> <span class='ocrx_word' id='word_1_101' title='bbox 300 1525 571 1599; x_wconf 86' lang='lat' dir='ltr'>nepotemCaesarem</span> <span class='ocrx_word' id='word_1_102' title='bbox 587 1525 630 1580; x_wconf 91' lang='lat' dir='ltr'>uel</span> <span class='ocrx_word' id='word_1_103' title='bbox 645 1542 693 1580; x_wconf 89' lang='lat' dir='ltr'>cur</span> <span class='ocrx_word' id='word_1_104' title='bbox 705 1526 740 1579; x_wconf 89' lang='lat' dir='ltr'>ita</span> <span class='ocrx_word' id='word_1_105' title='bbox 753 1524 844 1579; x_wconf 86' lang='lat' dir='ltr'>uerbis</span> <span class='ocrx_word' id='word_1_106' title='bbox 859 1524 945 1580; x_wconf 91' lang='lat' dir='ltr'>collo·</span> 
     </span>
     <span class='ocr_line' id='line_1_17' title="bbox 187 1608 945 1683; baseline 0 -19"><span class='ocrx_word' id='word_1_107' title='bbox 187 1610 254 1664; x_wconf 84' lang='lat' dir='ltr'>eatis</span> <span class='ocrx_word' id='word_1_108' title='bbox 276 1627 331 1664; x_wconf 91' lang='lat' dir='ltr'>non</span> <span class='ocrx_word' id='word_1_109' title='bbox 355 1610 494 1672; x_wconf 81' lang='lat' dir='ltr'>Cuesores</span> <span class='ocrx_word' id='word_1_110' title='bbox 513 1611 605 1683; x_wconf 91' lang='lat' dir='ltr'>potius</span> <span class='ocrx_word' id='word_1_111' title='bbox 627 1608 775 1683; x_wconf 87' lang='lat' dir='ltr'>scripserit.</span> <span class='ocrx_word' id='word_1_112' title='bbox 822 1609 945 1664; x_wconf 85' lang='lat' dir='ltr'>Certiore</span> 
     </span>
     <span class='ocr_line' id='line_1_18' title="bbox 187 1692 945 1766; baseline 0 -18"><span class='ocrx_word' id='word_1_113' title='bbox 187 1694 257 1749; x_wconf 86' lang='lat' dir='ltr'>enirn</span> <span class='ocrx_word' id='word_1_114' title='bbox 280 1694 377 1750; x_wconf 91' lang='lat' dir='ltr'>iudicio</span> <span class='ocrx_word' id='word_1_115' title='bbox 403 1694 529 1749; x_wconf 79' lang='lat' dir='ltr'>uitiosani</span> <span class='ocrx_word' id='word_1_116' title='bbox 554 1694 659 1749; x_wconf 87' lang='lat' dir='ltr'>Pitlroei</span> <span class='ocrx_word' id='word_1_117' title='bbox 681 1703 708 1749; x_wconf 90' lang='lat' dir='ltr'>et</span> <span class='ocrx_word' id='word_1_118' title='bbox 724 1692 806 1766; x_wconf 89' lang='lat' dir='ltr'>Lipsii</span> <span class='ocrx_word' id='word_1_119' title='bbox 828 1694 945 1766; x_wconf 90' lang='lat' dir='ltr'>scriptu-</span> 
     </span>
     <span class='ocr_line' id='line_1_19' title="bbox 187 1778 945 1851; baseline -0.003 -17"><span class='ocrx_word' id='word_1_120' title='bbox 187 1796 243 1834; x_wconf 87' lang='lat' dir='ltr'>ram</span> <span class='ocrx_word' id='word_1_121' title='bbox 260 1796 319 1834; x_wconf 93' lang='lat' dir='ltr'>esse</span> <span class='ocrx_word' id='word_1_122' title='bbox 336 1780 387 1834; x_wconf 88' lang='lat' dir='ltr'>hoc</span> <span class='ocrx_word' id='word_1_123' title='bbox 404 1780 592 1851; x_wconf 82' lang='lat' dir='ltr'>cognoscitur,</span> <span class='ocrx_word' id='word_1_124' title='bbox 622 1779 693 1851; x_wconf 92' lang='lat' dir='ltr'>quod</span> <span class='ocrx_word' id='word_1_125' title='bbox 709 1778 823 1833; x_wconf 82' lang='lat' dir='ltr'>Romuli</span> <span class='ocrx_word' id='word_1_126' title='bbox 840 1778 945 1850; x_wconf 84' lang='lat' dir='ltr'>geneti-</span> 
     </span>
     <span class='ocr_line' id='line_1_20' title="bbox 187 1862 945 1936; baseline -0.003 -18"><span class='ocrx_word' id='word_1_127' title='bbox 187 1881 246 1926; x_wconf 90' lang='lat' dir='ltr'>uus‚</span> <span class='ocrx_word' id='word_1_128' title='bbox 263 1864 385 1936; x_wconf 86' lang='lat' dir='ltr'>quamuis</span> <span class='ocrx_word' id='word_1_129' title='bbox 401 1872 457 1919; x_wconf 89' lang='lat' dir='ltr'>arte</span> <span class='ocrx_word' id='word_1_130' title='bbox 474 1864 621 1920; x_wconf 84' lang='lat' dir='ltr'>cohaerens</span> <span class='ocrx_word' id='word_1_131' title='bbox 634 1870 782 1934; x_wconf 81' lang='lat' dir='ltr'>posterum</span> <span class='ocrx_word' id='word_1_132' title='bbox 800 1862 945 1924; x_wconf 83' lang='lat' dir='ltr'>uocabulo,</span> 
     </span>
     <span class='ocr_line' id='line_1_21' title="bbox 187 1947 945 2022; baseline -0.005 -18"><span class='ocrx_word' id='word_1_133' title='bbox 187 1950 336 2022; x_wconf 85' lang='lat' dir='ltr'>diremptus</span> <span class='ocrx_word' id='word_1_134' title='bbox 351 1948 383 2002; x_wconf 90' lang='lat' dir='ltr'>ab</span> <span class='ocrx_word' id='word_1_135' title='bbox 400 1965 431 2003; x_wconf 93' lang='lat' dir='ltr'>eo</span> <span class='ocrx_word' id='word_1_136' title='bbox 450 1965 538 2021; x_wconf 90' lang='lat' dir='ltr'>neque</span> <span class='ocrx_word' id='word_1_137' title='bbox 553 1948 638 2004; x_wconf 89' lang='lat' dir='ltr'>eidem</span> <span class='ocrx_word' id='word_1_138' title='bbox 649 1948 741 2004; x_wconf 88' lang='lat' dir='ltr'>uersui</span> <span class='ocrx_word' id='word_1_139' title='bbox 757 1947 803 2002; x_wconf 91' lang='lat' dir='ltr'>sed</span> <span class='ocrx_word' id='word_1_140' title='bbox 819 1947 945 2002; x_wconf 82' lang='lat' dir='ltr'>inferiori</span> 
     </span>
     <span class='ocr_line' id='line_1_22' title="bbox 187 2031 945 2106; baseline 0 -19"><span class='ocrx_word' id='word_1_141' title='bbox 187 2033 306 2088; x_wconf 91' lang='lat' dir='ltr'>insertus</span> <span class='ocrx_word' id='word_1_142' title='bbox 329 2042 384 2094; x_wconf 87' lang='lat' dir='ltr'>est,</span> <span class='ocrx_word' id='word_1_143' title='bbox 414 2050 493 2105; x_wconf 86' lang='lat' dir='ltr'>quam</span> <span class='ocrx_word' id='word_1_144' title='bbox 509 2050 565 2088; x_wconf 89' lang='lat' dir='ltr'>rem</span> <span class='ocrx_word' id='word_1_145' title='bbox 580 2033 659 2106; x_wconf 90' lang='lat' dir='ltr'>plane</span> <span class='ocrx_word' id='word_1_146' title='bbox 678 2033 823 2087; x_wconf 85' lang='lat' dir='ltr'>abhorrere</span> <span class='ocrx_word' id='word_1_147' title='bbox 839 2031 871 2086; x_wconf 84' lang='lat' dir='ltr'>ab</span> <span class='ocrx_word' id='word_1_148' title='bbox 886 2039 945 2087; x_wconf 89' lang='lat' dir='ltr'>arte</span> 
     </span>
     <span class='ocr_line' id='line_1_23' title="bbox 186 2116 944 2190; baseline -0.004 -18"><span class='ocrx_word' id='word_1_149' title='bbox 186 2118 267 2173; x_wconf 89' lang='lat' dir='ltr'>huius</span> <span class='ocrx_word' id='word_1_150' title='bbox 288 2116 420 2190; x_wconf 85' lang='lat' dir='ltr'>poeruatis</span> <span class='ocrx_word' id='word_1_151' title='bbox 440 2116 538 2190; x_wconf 86' lang='lat' dir='ltr'>reliqui</span> <span class='ocrx_word' id='word_1_152' title='bbox 560 2135 656 2173; x_wconf 93' lang='lat' dir='ltr'>uersus</span> <span class='ocrx_word' id='word_1_153' title='bbox 677 2116 823 2172; x_wconf 90' lang='lat' dir='ltr'>ostendunt</span> <span class='ocrx_word' id='word_1_154' title='bbox 841 2133 944 2171; x_wconf 89' lang='lat' dir='ltr'>ornnes.</span> 
     </span>
     <span class='ocr_line' id='line_1_24' title="bbox 185 2200 946 2274; baseline -0.001 -18"><span class='ocrx_word' id='word_1_155' title='bbox 185 2202 250 2257; x_wconf 86' lang='lat' dir='ltr'>Nam</span> <span class='ocrx_word' id='word_1_156' title='bbox 273 2220 332 2257; x_wconf 88' lang='lat' dir='ltr'>curn</span> <span class='ocrx_word' id='word_1_157' title='bbox 353 2202 460 2258; x_wconf 89' lang='lat' dir='ltr'>curiose</span> <span class='ocrx_word' id='word_1_158' title='bbox 481 2201 508 2255; x_wconf 93' lang='lat' dir='ltr'>in</span> <span class='ocrx_word' id='word_1_159' title='bbox 528 2201 686 2256; x_wconf 86' lang='lat' dir='ltr'>uniuersum</span> <span class='ocrx_word' id='word_1_160' title='bbox 701 2209 780 2274; x_wconf 90' lang='lat' dir='ltr'>poeta</span> <span class='ocrx_word' id='word_1_161' title='bbox 798 2200 946 2255; x_wconf 91' lang='lat' dir='ltr'>intenderit</span> 
     </span>
     <span class='ocr_line' id='line_1_25' title="bbox 109 2284 945 2359; baseline -0.002 -17"><span class='ocrx_word' id='word_1_162' title='bbox 109 2320 110 2325; x_wconf 22' lang='grc' dir='ltr'><strong>κ</strong></span> <span class='ocrx_word' id='word_1_163' title='bbox 187 2295 217 2342; x_wconf 91' lang='lat' dir='ltr'>ut</span> <span class='ocrx_word' id='word_1_164' title='bbox 236 2287 263 2340; x_wconf 88' lang='lat' dir='ltr'>iu</span> <span class='ocrx_word' id='word_1_165' title='bbox 278 2304 332 2342; x_wconf 92' lang='lat' dir='ltr'>uno</span> <span class='ocrx_word' id='word_1_166' title='bbox 350 2303 457 2359; x_wconf 89' lang='lat' dir='ltr'>quoque</span> <span class='ocrx_word' id='word_1_167' title='bbox 475 2293 631 2341; x_wconf 86' lang='lat' dir='ltr'>tetrametro</span> <span class='ocrx_word' id='word_1_168' title='bbox 649 2285 753 2356; x_wconf 88' lang='lat' dir='ltr'>integra</span> <span class='ocrx_word' id='word_1_169' title='bbox 771 2284 945 2340; x_wconf 89' lang='lat' dir='ltr'>concludere-</span> 
     </span>
     <span class='ocr_line' id='line_1_26' title="bbox 188 2369 944 2441; baseline 0 -16"><span class='ocrx_word' id='word_1_170' title='bbox 188 2379 232 2426; x_wconf 91' lang='lat' dir='ltr'>tur</span> <span class='ocrx_word' id='word_1_171' title='bbox 264 2371 396 2427; x_wconf 85' lang='lat' dir='ltr'>sentcn&#39;tia</span> <span class='ocrx_word' id='word_1_172' title='bbox 426 2379 453 2426; x_wconf 91' lang='lat' dir='ltr'>et</span> <span class='ocrx_word' id='word_1_173' title='bbox 485 2388 581 2425; x_wconf 89' lang='lat' dir='ltr'>uersus</span> <span class='ocrx_word' id='word_1_174' title='bbox 602 2371 693 2425; x_wconf 76' lang='lat' dir='ltr'>dorma</span> <span class='ocrx_word' id='word_1_175' title='bbox 721 2369 944 2441; x_wconf 85' lang='lat' dir='ltr'>concinnitasque</span> 
     </span>
     <span class='ocr_line' id='line_1_27' title="bbox 187 2454 945 2528; baseline -0.004 -18"><span class='ocrx_word' id='word_1_176' title='bbox 187 2456 319 2511; x_wconf 88' lang='lat' dir='ltr'>enuntiati</span> <span class='ocrx_word' id='word_1_177' title='bbox 341 2463 519 2528; x_wconf 85' lang='lat' dir='ltr'>congrueret,</span> <span class='ocrx_word' id='word_1_178' title='bbox 547 2463 603 2510; x_wconf 89' lang='lat' dir='ltr'>turn</span> <span class='ocrx_word' id='word_1_179' title='bbox 625 2455 751 2510; x_wconf 87' lang='lat' dir='ltr'>huonon</span> <span class='ocrx_word' id='word_1_180' title='bbox 779 2454 886 2508; x_wconf 86' lang='lat' dir='ltr'>admisit</span> <span class='ocrx_word' id='word_1_181' title='bbox 913 2462 945 2508; x_wconf 92' lang='lat' dir='ltr'>ut</span> 
     </span>
     <span class='ocr_line' id='line_1_28' title="bbox 188 2539 944 2610; baseline -0.001 -16"><span class='ocrx_word' id='word_1_182' title='bbox 188 2547 261 2594; x_wconf 89' lang='lat' dir='ltr'>tanta</span> <span class='ocrx_word' id='word_1_183' title='bbox 278 2540 474 2596; x_wconf 81' lang='lat' dir='ltr'>necessitudine</span> <span class='ocrx_word' id='word_1_184' title='bbox 490 2540 632 2595; x_wconf 89' lang='lat' dir='ltr'>coniuncta</span> <span class='ocrx_word' id='word_1_185' title='bbox 648 2539 745 2600; x_wconf 82' lang='lat' dir='ltr'>uerba,</span> <span class='ocrx_word' id='word_1_186' title='bbox 766 2546 865 2610; x_wconf 90' lang='lat' dir='ltr'>quanta</span> <span class='ocrx_word' id='word_1_187' title='bbox 882 2556 944 2594; x_wconf 86' lang='lat' dir='ltr'>cunr</span> 
     </span>
     <span class='ocr_line' id='line_1_29' title="bbox 180 2622 945 2698; baseline 0.001 -22"><span class='ocrx_word' id='word_1_188' title='bbox 180 2623 363 2679; x_wconf 72' lang='lat' dir='ltr'>salutaminis</span> <span class='ocrx_word' id='word_1_189' title='bbox 375 2625 432 2680; x_wconf 92' lang='lat' dir='ltr'>suis</span> <span class='ocrx_word' id='word_1_190' title='bbox 448 2624 567 2698; x_wconf 84' lang='lat' dir='ltr'>genetiui</span> <span class='ocrx_word' id='word_1_191' title='bbox 584 2623 781 2683; x_wconf 89' lang='lat' dir='ltr'>deuineiuntur,</span> <span class='ocrx_word' id='word_1_192' title='bbox 799 2622 945 2677; x_wconf 88' lang='lat' dir='ltr'>diuellerct</span> 
     </span>
     <span class='ocr_line' id='line_1_30' title="bbox 162 2704 957 2786; baseline 0.001 -29"><span class='ocrx_word' id='word_1_193' title='bbox 162 2704 346 2780; x_wconf 80' lang='lat' dir='ltr'>‹lr&#39;nersisque</span> <span class='ocrx_word' id='word_1_194' title='bbox 366 2710 496 2770; x_wconf 83' lang='lat' dir='ltr'>uersibus</span> <span class='ocrx_word' id='word_1_195' title='bbox 512 2711 685 2786; x_wconf 81' lang='lat' dir='ltr'>disponeret.</span> <span class='ocrx_word' id='word_1_196' title='bbox 713 2704 828 2783; x_wconf 64' lang='lat' dir='ltr'>Legitur</span> <span class='ocrx_word' id='word_1_197' title='bbox 844 2706 957 2776; x_wconf 71' lang='lat' dir='ltr'>quidem</span> 
     </span>
    </p>
   </div>
   <div class='ocr_carea' id='block_1_3' title="bbox 0 0 986 3202">
    <p class='ocr_par' dir='ltr' id='par_1_3' title="bbox 0 0 986 3202">
     <span class='ocr_line' id='line_1_31' title="bbox 0 0 986 3202; baseline 0 0"><span class='ocrx_word' id='word_1_198' title='bbox 0 0 986 3202; x_wconf 95' lang='lat' dir='ltr'> </span> 
     </span>
    </p>
   </div>
  </div>
 </body>
</html>
