1964 3202
116 177 149 223 44
335 191 520 224 renvmmwn
533 191 651 224 venetus

117 331 169 386 lam
190 349 264 386 sacra
290 331 392 386 laetitia
416 331 512 386 nolunt
540 331 578 386 sic
604 339 744 386 excusant:
770 332 873 387 trustra

118 417 189 471 enim
201 423 231 470 nt
248 416 305 488 ipsa
321 416 466 471 interesses
483 423 508 470 te
519 432 698 488 precaremur,
714 416 758 472 uel
770 423 801 471 ut
811 415 872 472 aliis

117 501 208 556 uerbis
227 501 297 556 idem
309 490 476 574 significem,
504 499 587 556 uellet
602 501 651 555 dea
671 501 747 556 cuius
763 501 872 556 nomine

119 602 227 640 oramus
243 592 273 639 ut
288 585 344 658 ipsa
362 585 478 646 uenires,
497 585 520 639 si
533 584 693 658 uirginalem
708 594 781 640 tuam
796 603 874 640 seue·

119 671 226 725 ritatem
242 670 357 725 deceret.
374 671 493 742 Apparet
509 669 592 742 igitur
609 672 672 739 ipsc
684 672 769 725 uellet
782 677 813 724 ut
824 685 873 724 ne-

118 757 196 810 nircs
219 754 287 809 idem
308 754 399 809 ualere
421 763 501 827 atque
523 756 606 809 uellet
631 760 661 808 ut
681 742 744 824 ipso
759 757 875 809 ueniret

118 857 168 895 nec
184 839 314 894 Venerem
334 841 397 909 ipsu
419 839 579 911 pronomine
601 838 646 893 sed
660 838 768 894 Dianam
783 838 874 912 appel*

117 924 176 979 lari.
192 923 245 977 lam
259 941 324 979 uero
338 923 478 996 superiore
489 941 571 979 uersu
585 924 749 997 carneadem
763 923 874 980 omnino

118 1007 252 1064 sententia
271 1008 449 1081 exprimatur,
472 1009 535 1078 ipsc
548 1006 681 1063 uocabulo
695 1009 758 1063 item
773 1008 805 1063 ad
816 1007 875 1062 nia,

117 1110 178 1147 nam
187 1091 273 1150 relato
282 1109 390 1147 necesse
404 1099 444 1147 est
456 1092 653 1165 corrigiipsum
665 1094 748 1147 uellet
760 1099 875 1163 ternpu-

118 1193 151 1234 re
159 1185 206 1232 aut
217 1185 248 1236 ut
258 1177 290 1232 ad
300 1177 442 1232 trochaeos
451 1177 534 1232 uerba
546 1185 680 1250 aptentur,
690 1178 774 1232 uellet
782 1179 874 1246 ipsam

119 1269 145 1318 te
159 1277 263 1333 rupere
277 1262 354 1317 idest
366 1261 491 1316 inuitare.
515 1261 573 1328 Quo
586 1261 656 1316 sacto
666 1261 799 1334 principia
814 1279 876 1317 uer·

119 1360 198 1403 suum
217 1355 251 1404 40
269 1354 296 1401 ct
308 1354 339 1404 41
357 1347 498 1419 exitusque
511 1345 592 1401 simili
605 1345 754 1402 collocandi
770 1347 875 1402 ratione

120 1431 239 1506 oppositi
256 1431 327 1486 inter
342 1448 370 1486 sc
386 1439 464 1486 sunt:
480 1433 565 1487 uellet
581 1433 672 1500 ipsam
686 1461 723 1470 —
735 1432 800 1500 ipso
816 1433 876 1486 uela

118 1519 156 1572 tet
172 1524 200 1571 et
223 1519 249 1570 si
262 1518 397 1586 pudicam
412 1518 540 1586 flecteret
556 1546 592 1555 —
611 1518 638 1570 si
655 1518 768 1571 deceret
788 1517 876 1587 cirpi-

118 1616 191 1656 rtem.
223 1600 297 1656 Hand
319 1600 442 1673 equidem
462 1601 553 1655 nescio
574 1602 638 1671 ipso
653 1616 804 1674 pronomen
821 1617 877 1654 non

119 1685 240 1741 adhiberi
262 1684 289 1739 iu
313 1684 419 1757 reliquo
440 1685 557 1740 carmine
579 1684 631 1740 uisi
656 1686 688 1740 ad
710 1684 877 1739 indicandam

119 1771 263 1831 Venerem,
294 1786 390 1824 nerum
413 1769 456 1825 illa
479 1777 567 1824 tamen
592 1769 711 1842 exempla
732 1787 787 1825 nou
809 1767 876 1824 tanti

119 1853 255 1911 aestimari
275 1853 374 1909 dehent
389 1862 419 1909 nt
433 1855 484 1910 hoc
503 1854 574 1926 qnod
592 1854 700 1926 cogitur
715 1871 747 1908 ex
760 1853 878 1927 scriptoae

120 1940 158 1996 ris
173 1938 339 2012 cogitatione
353 1937 456 1993 diluere
471 1939 585 2011 possint.

161 2023 359 2097 Perscripserat
381 2022 459 2077 tertia
488 2023 600 2095 stropha
623 2030 703 2096 poeta
724 2022 793 2078 sacri
812 2039 878 2078 con·

120 2116 218 2164 uentus
240 2125 320 2180 quem
336 2107 423 2162 Venus
435 2115 496 2179 aget
512 2106 620 2180 plenum
638 2115 808 2181 apparatum:
828 2106 878 2161 sso-

121 2193 196 2247 rihus
217 2199 376 2265 suggestum
400 2191 515 2246 trihunal
538 2192 748 2265 adsessurasque
771 2191 878 2246 Gratias

121 2285 227 2332 etcum
248 2278 347 2331 Amore
369 2276 502 2349 Nymphas
524 2276 640 2331 Oreades
665 2285 692 2332 et
713 2276 828 2349 Dryades
849 2283 878 2331 et

121 2361 241 2416 Naiadas.
275 2360 406 2428 Quoniam
429 2361 512 2432 igitur
533 2361 590 2433 ipsa
604 2360 654 2416 dea
680 2361 707 2417 in
730 2378 762 2417 eo
787 2367 878 2416 estut

120 2455 288 2518 compareat,
308 2446 482 2500 animantium
501 2445 578 2499 turha
594 2445 763 2518 praestolans
779 2445 879 2500 aduen-

120 2538 179 2584 tum
193 2538 273 2602 atque
285 2537 373 2585 erecta
387 2529 413 2583 in
426 2529 483 2584 eins
496 2530 722 2602 exspectationem
733 2530 785 2586 hoc
796 2529 877 2585 modo

111 2613 250 2669 sollemne
263 2615 435 2688 auspicatur,
452 2621 482 2669 ut
499 2614 597 2688 partim
614 2614 686 2670 inita
701 2613 818 2668 tribuual
836 2631 878 2668 ac·

92 2693 182 2746 carhet
193 2707 300 2766 pacata
320 2701 428 2774 partim
452 2709 554 2766 cantus
573 2699 666 2757 iactos
679 2697 839 2773 promiscue
851 2696 890 2748 et-
