1964 3202
188 390 221 442 38
410 407 595 444 Punv1o1n1vn
608 408 727 444 vannius

193 548 236 621 gis
253 565 340 603 meum
359 548 484 604 iudicium
507 549 649 604 inclinabat
667 549 694 605 iu
710 550 823 605 amioum
839 548 948 604 Seniue·

195 633 243 694 rii,
267 633 312 706 qui
330 639 409 689 notos
430 634 456 688 in
475 636 562 689 nodos
582 634 707 688 correxit.
739 633 814 701 Quod
832 634 947 690 uerbum

194 714 262 789 quae
274 717 452 773 subsecuntur
461 725 582 788 penates
597 717 640 772 uel
651 725 753 787 pentes
769 718 884 781 litterae,
900 735 947 774 eas

191 819 252 858 oum
268 800 312 856 alii
328 803 492 858 mutauerint
508 802 597 874 inepte
613 810 669 856 tum
685 803 742 858 sine
755 801 947 876 probabilitate

193 886 342 942 Bouberius
356 904 388 941 ex
403 889 544 943 rubentes.
560 887 751 942 Heidtrnanuus
767 894 840 942 ortas
857 904 888 942 ex
903 894 947 941 tu-

194 977 300 1025 mentes
315 988 373 1026 esse
389 972 557 1026 existimauit.
589 971 645 1026 lloe
659 978 732 1027 certe
751 971 815 1026 mihi
830 979 946 1032 constat,

192 1055 366 1111 nouissimam
390 1056 447 1110 eius
467 1055 519 1110 loei
539 1056 735 1111 enarrationem
756 1073 835 1128 quant
853 1056 947 1110 Freius

192 1157 218 1213 p.
244 1146 295 1198 200
315 1140 472 1213 proposuit,
501 1157 554 1194 non
581 1141 660 1197 modo
682 1141 767 1213 magis
793 1149 946 1196 contortam

149 1233 153 1240 ’
192 1241 271 1296 ιμιιιιιι
290 1224 534 1279 Wernsdorllanam
559 1225 705 1280 sedetiam
727 1225 853 1283 uitiosum
877 1241 945 1285 esse,

192 1308 253 1380 quia
274 1316 416 1380 surgentes
438 1307 552 1381 papillae
573 1310 595 1364 si
617 1317 749 1381 urgentur
774 1312 801 1364 in
825 1317 944 1381 penates,

191 1409 246 1447 non
262 1401 407 1466 erupturae
423 1402 485 1448 sunt
505 1411 535 1449 ea
551 1394 706 1466 penatibus,
737 1395 783 1449 sed
798 1410 844 1449 eos
861 1394 945 1447 intra·

191 1485 275 1539 turae,
291 1477 366 1532 uelut
381 1478 472 1533 hostes
488 1496 547 1535 cum
560 1479 587 1532 in
604 1478 728 1551 oppidum
746 1488 772 1533 et
787 1495 868 1533 naues
884 1494 944 1532 eum

191 1562 217 1617 in
234 1562 325 1618 breuia
340 1571 366 1617 et
386 1579 448 1618 aeus
467 1580 527 1618 oum
549 1562 575 1617 in
599 1564 672 1618 ieeur
690 1570 836 1635 urgentur,
862 1569 892 1615 ut
912 1578 944 1616 en

191 1646 250 1701 l'rei
274 1647 405 1702 sententia
429 1647 518 1703 dicere
540 1649 657 1720 scriptur
680 1646 803 1701 debuerit
823 1653 943 1716 urgete

190 1734 263 1786 netis
272 1733 425 1801 penatibus
439 1741 484 1786 uut
499 1731 593 1786 saltem
605 1734 746 1786 aduersus
761 1738 840 1786 notos
850 1745 943 1800 peno-

17 1850 21 1891 .·
103 1864 107 1874 ,
190 1823 239 1870 teo.
257 1815 307 1871 Sed
322 1824 350 1870 ut
365 1817 397 1870 ad
412 1833 472 1870 eum
484 1832 590 1870 uersum
608 1815 639 1870 de
656 1833 709 1888 quo
726 1815 816 1887 agitur
828 1815 941 1875 redeam,

189 1902 272 1956 unico
293 1900 453 1956 adieetiuum
470 1917 524 1955 non
546 1900 647 1973 corrigi
672 1900 698 1955 in
721 1902 805 1955 ubido
834 1907 942 1973 oportet

189 1986 261 2057 quod
284 2003 346 2040 sane
361 1985 476 2040 alienum
496 1993 607 2040 nonest
627 2004 640 2040 a
656 1993 735 2047 noto,
757 1984 802 2039 sed
816 1983 942 2057 explicari

189 2087 221 2124 en
230 2079 325 2142 poetae
341 2069 464 2125 oonsilio.
485 2069 534 2137 Qut
552 2087 612 2124 enm
622 2070 749 2126 Venerem
764 2070 872 2124 ea'neret
888 2086 942 2124 non

189 2152 351 2210 laseiuorom
372 2171 491 2210 amorum
517 2154 660 2210 auctricem
680 2172 773 2210 uerum
794 2170 861 2225 quoe
886 2153 943 2208 aui-

189 2237 297 2293 malium
314 2239 491 2312 uitiorumque
510 2256 608 2311 genera
625 2239 742 2294 omnium
756 2238 942 2311 procreauerit

189 2330 217 2376 et
230 2331 378 2396 propaget,
395 2336 503 2378 securae
519 2324 663 2395 coniugum
678 2323 738 2378 fidei
758 2323 813 2400 uim
829 2340 858 2378 ac
874 2340 942 2395 pou·

125 2463 128 2468 ,
188 2407 239 2461 dus
255 2407 351 2462 addere
367 2425 420 2462 non
436 2406 599 2480 negligebat.
625 2406 707 2474 Quam
728 2408 762 2462 ob
778 2424 898 2462 errrrssam
915 2425 939 2462 u.

188 2497 223 2550 82
238 2491 284 2547 ubi
307 2492 483 2550 succubantes
503 2492 616 2565 genistls
639 2501 730 2547 tauros
749 2509 941 2547 corrunemora·

188 2576 241 2639 uit,
260 2584 346 2632 tutum
363 2594 494 2650 quemque
510 2594 568 2632 esse
587 2576 625 2631 ait
640 2594 692 2650 quo
709 2583 833 2632 teneatur
848 2576 941 2631 eoniu-

188 2652 243 2732 gali
259 2662 365 2717 loedere
381 2670 407 2716 et
424 2680 448 2717 ιι.
463 2667 498 2721 83
512 2663 609 2716 subter
622 2663 739 2717 umbras
753 2679 817 2717 cum
830 2662 941 2714 maritis

188 2760 252 2800 ecce
276 2747 419 2801 balantum
444 2761 544 2817 greges
569 2744 649 2801 nullis
676 2746 768 2802 litibus
788 2742 941 2818 perturbati

179 2830 350 2884 matrimonii
362 2830 470 2886 lelioem
488 2831 610 2906 depingit
625 2830 857 2904 tranquillitatem.
874 2828 941 2883 Ean·

155 2905 281 2977 demque
300 2912 355 2968 lme
374 2932 459 2973 uersu
483 2936 541 2976 rein
569 2926 701 2995 spectans
719 2932 781 2973 oras
798 2929 894 2967 rosam
908 2926 957 2962 ιιι-
