1958 3426
327 228 512 263 rnnvrormvn
525 229 643 264 vannius
829 213 861 264 53

109 386 168 424 cum
184 385 278 441 reapse
294 368 357 423 XCII
379 370 501 425 uersibus
519 368 692 443 olim'poema
708 369 862 424 constitisse

109 453 281 514 consentiam,
294 454 361 508 nihil
376 454 441 509 satis
459 453 528 508 firmi
543 455 622 509 uideo
641 453 712 525 quod
728 470 861 527 opponam

110 536 254 593 Scriuerio.
287 538 384 593 Verum
400 556 432 592 ne
446 537 530 608 altera
545 539 650 610 quidem
667 538 731 592 baec
746 538 860 610 suspitio

111 621 233 677 ueritatis
252 623 323 676 omni
340 623 428 696 specie
448 617 612 684 destituitur,
628 630 659 677 ut
677 621 861 676 intercalarem

109 724 218 761 uersum
240 715 320 779 poeta
349 699 475 779 quotiens
501 707 659 780 repetiuerit
684 706 861 761 uetustiorem

109 789 247 844 librarium
280 790 327 845 illo
353 791 517 864 significasse
549 809 660 846 numero
690 789 861 846 coniciamus.

109 874 186 941 Quod
204 875 226 928 si
245 876 280 929 ita
301 883 355 936 est,
382 875 447 930 XXll
468 874 538 930 lacili
554 876 664 948 negotio
681 875 705 928 in
730 874 785 928 lllll
804 890 863 929 cor·

109 960 218 1020 rexeris,
232 960 356 1031 quoniam
372 961 487 1032 primurn
500 977 609 1016 uersum
626 977 679 1014 non
697 967 738 1014 est
754 957 863 1013 dubium

110 1044 175 1115 quin
191 1044 216 1098 in
228 1044 356 1117 exemplis
368 1043 494 1099 librarius
506 1044 729 1100 adnumeranerit.
747 1042 863 1097 Tertiam

109 1136 197 1182 autem
214 1128 240 1181 in
254 1146 331 1200 quam
348 1129 411 1183 olim
427 1129 570 1184 incideram
587 1128 748 1201 opinionem,
763 1127 863 1182 duode-

109 1211 183 1266 nario
203 1214 329 1268 restituto
350 1231 461 1268 numero
476 1214 558 1269 uerba
577 1213 622 1267 illa
637 1220 704 1268 aurat
715 1228 784 1267 uero
798 1226 864 1266 uer·

109 1311 157 1350 sus
164 1296 242 1351 XII:
259 1305 405 1352 crosemet
417 1300 625 1369 quinamquom
639 1299 746 1352 emoliit
760 1297 863 1366 quique

54 1433 57 1440 ,
109 1384 217 1435 emoliit
233 1398 301 1436 eros
315 1390 390 1436 emet
403 1400 456 1437 una
470 1382 654 1438 enuntiatione
672 1399 730 1437 esse
741 1396 863 1453 compre-

106 1465 247 1521 hendenda
275 1485 326 1539 qua
344 1466 542 1539 significaretur
557 1468 706 1523 duodecies
730 1467 776 1521 bic
797 1480 862 1519 uer-

107 1566 157 1606 sus
172 1552 283 1622 decitur,
299 1569 394 1607 rursus
409 1552 466 1625 ipse
484 1552 575 1614 abieci,
594 1551 666 1623 quod
681 1560 733 1605 tam
752 1548 863 1622 compli-

26 1693 29 1699 ,
108 1644 196 1691 catum
208 1651 297 1708 genus
308 1636 412 1692 dicendi
428 1653 481 1691 non
499 1637 628 1710 quadrare
641 1636 670 1710 in
682 1633 785 1690 librarii
801 1633 863 1688 sinr-

107 1720 254 1793 plicitatem
268 1720 383 1776 uidetur.
414 1722 531 1793 lienique
550 1720 611 1793 quia
633 1721 660 1774 in
680 1737 709 1774 re
728 1719 803 1775 ualde
816 1718 864 1772 du·

110 1803 151 1858 bia
163 1822 336 1877 quaecunque
349 1814 463 1878 possunt
475 1805 588 1876 cogitari
605 1813 737 1877 tamquam
751 1792 809 1880 ὅλῳ
821 1798 863 1880 τῷ

109 1881 233 1966 θυλάκῳ
249 1888 384 1944 effundere
402 1888 508 1950 licebit,
540 1898 660 1961 quartam
680 1888 762 1949 addo,
796 1903 863 1960 quac

109 1971 220 2046 reliquis
239 1973 362 2028 omnibus
384 1974 464 2028 etiarn
483 1974 665 2047 praestantior
684 1972 728 2027 uel
746 1972 805 2027 ideo
822 1972 862 2026 ui·

108 2057 215 2112 debitur
228 2058 299 2130 quod
314 2058 514 2113 ellomanarum
529 2059 643 2114 historia
658 2057 809 2112 litterarum
821 2073 863 2111 re-

109 2142 223 2214 petitum
243 2141 394 2198 istiusmodi
415 2140 611 2216 στιχομετριάς
628 2141 776 2214 exemplum
797 2156 864 2195 non·

108 2225 171 2280 dum
184 2227 309 2281 innotuit.
320 2227 492 2282 Potestenim
507 2226 640 2288 librarius,
649 2233 793 2300 postquam
803 2241 863 2279 uer·

109 2309 227 2365 suslll'll
237 2310 274 2364 illi
284 2320 337 2371 aab
346 2312 376 2366 ad
385 2318 419 2370 80
428 2329 460 2366 en
475 2312 536 2367 sede
545 2329 592 2367 sua
605 2313 631 2365 in
644 2310 760 2366 alienum
775 2309 863 2365 lecum

108 2395 231 2451 translati
241 2405 316 2458 sunt,
333 2397 419 2469 ipsum
434 2395 485 2452 hoc
498 2397 654 2452 adnotasse:
671 2395 862 2450 Salmasianum

107 2488 196 2535 autem
213 2481 258 2553 qui
274 2481 389 2555 scripsit,
406 2480 463 2535 siue
479 2497 533 2535 non
549 2479 722 2552 intellegebat
738 2480 805 2534 hauc
817 2478 862 2533 ad·

108 2566 276 2619 notationem
291 2566 347 2620 siue
362 2564 529 2638 perscribere
542 2582 602 2619 eum
618 2565 728 2638 pigebat
745 2564 802 2618 siue
817 2563 862 2618 ile-

108 2657 257 2703 truncatam
275 2649 426 2712 inuenerat,
448 2649 603 2723 posteritati
624 2667 679 2705 non
701 2647 782 2703 uerba
805 2648 862 2703 eius

107 2733 157 2788 nisi
173 2733 260 2807 prima
275 2733 394 2807 prodidit
409 2739 476 2791 suut
493 2750 567 2791 uero
582 2747 693 2788 uersus
705 2729 821 2780 xm,
