1964 3202
309 377 495 412 rervrfflmvu
506 378 625 412 neurius
812 363 846 415 29

88 528 117 574 et
132 519 190 574 siue
206 520 278 574 omni
302 520 406 574 ratione
428 519 588 592 expulerunt
600 529 747 589 posterum
764 538 845 593 gene·

90 604 177 659 tiuutn
197 612 224 658 et
243 620 354 675 proque
367 607 449 673 prole
463 612 636 659 tnutauerunt
651 614 759 678 praeter
773 623 843 660 rem:

89 705 150 743 narn
169 687 259 750 facile,
288 689 383 750 eredo,
414 689 436 744 si
463 695 589 761 nepotem
615 688 752 745 Caesarem
779 690 845 745 deus

88 790 195 829 creasse
211 767 382 834 laudabatur,
407 770 686 845 quiuisintellegebat
704 776 802 829 iactum
819 775 845 829 id

89 875 148 913 esse
163 876 212 931 per
226 857 384 931 progeniem
400 864 572 929 posterorum
588 875 675 930 neque
691 859 845 931 ipsumhoc

89 960 104 996 a
115 950 196 1016 poeta
205 943 325 1015 apertius
337 940 481 1013 significari
492 942 672 997 necessarium
684 951 750 997 erat.
775 943 845 998 Bene

88 1025 156 1082 uero
167 1044 224 1097 pro
238 1030 319 1097 prole
333 1033 512 1097 posterorum
530 1026 646 1088 addidit,
671 1027 768 1099 quibus
784 1044 845 1082 uer·

88 1111 131 1167 bis
148 1128 246 1166 numen
261 1111 402 1166 Caesarum
423 1107 539 1165 salutare
556 1120 584 1167 et
602 1111 719 1167 tutelare
734 1113 846 1167 denota·

39 1195 42 1199 ’
90 1205 174 1251 retur.
208 1196 260 1250 lam
282 1213 344 1250 vero
367 1195 478 1249 Romuli
497 1201 616 1250 matrem
641 1195 709 1252 laiso
736 1196 843 1251 inlatam

88 1281 141 1336 huc
162 1297 221 1335 esse
235 1280 364 1349 ffithoeus
381 1287 408 1334 et
422 1279 528 1352 Lipsius
545 1289 702 1343 senserunt,
730 1297 845 1353 querum

88 1365 122 1420 tle
137 1365 292 1420 coniectura
303 1373 418 1434 putrem
433 1363 514 1436 paulo
530 1372 593 1437 post
615 1365 708 1420 dicam.
741 1365 846 1420 Scriue·

90 1450 146 1504 rius
167 1449 251 1521 igitur
270 1448 414 1522 proposuit
435 1456 527 1504 meter
547 1450 618 1521 quoti
640 1438 690 1504 etsi
708 1449 788 1505 habet
800 1467 846 1503 so·

89 1533 260 1596 toeoismutn,
289 1542 377 1588 tamen
400 1549 448 1588 nec
470 1533 658 1596 Wernsdorfio
686 1533 845 1607 displicebat

88 1636 138 1675 nec
152 1619 239 1679 Freio,
257 1619 302 1691 qui
319 1616 417 1673 uellent
433 1615 592 1690 explicasset
609 1636 662 1690 quo
678 1619 757 1673 motio
771 1620 845 1673 stude

88 1712 180 1759 muter
196 1704 221 1759 ta
237 1712 279 1760 est
295 1703 382 1758 l'enus
399 1702 525 1756 Ramnes
535 1711 566 1757 et
580 1702 704 1768 Quirites
714 1717 846 1773 proque

85 1791 168 1860 prote
180 1796 363 1859 posterorum
380 1787 495 1841 Romuli
508 1794 540 1841 et
555 1794 682 1864 nepotem
695 1786 845 1842 Caesarem

89 1881 203 1929 ereoret
224 1873 251 1927 in
272 1889 351 1928 unam
369 1871 581 1926 enuntiationem
604 1871 717 1927 coirent.
749 1874 789 1926 An
804 1889 845 1926 se-

89 1957 204 2012 cundun}
230 1957 394 2013 Scriueriuut
421 1959 672 2026 perqueprolem
699 1965 853 2026 posterum·

91 2041 171 2095 scribi
186 2041 287 2103 uoluit,
314 2051 345 2096 ut
365 2050 392 2096 et
413 2058 463 2114 per
485 2049 611 2114 posteros
628 2040 733 2096 Romuli
756 2050 783 2095 et
798 2058 847 2112 per

90 2124 228 2179 Caesarem
257 2133 343 2180 mater
368 2126 480 2181 Ramnes
512 2134 538 2180 et
566 2124 684 2191 Quirites
710 2125 846 2180 diceretur

89 2211 213 2264 creasse?
240 2210 279 2263 Ah
294 2211 346 2266 hoc
361 2211 467 2283 quidem
484 2217 593 2282 peccato
607 2209 727 2264 lioeliius
744 2218 847 2282 tempe·

92 2292 162 2347 rauit
178 2311 237 2348 cum
254 2311 286 2350 ex
304 2294 481 2350 Scriuerianis
497 2295 608 2368 ineptiis
622 2295 674 2350 hoc
688 2302 844 2367 portentum

91 2377 214 2432 eliceret:
240 2381 314 2434 uu'de
332 2379 421 2434 Venus
444 2381 544 2434 metris
566 2379 591 2434 id
613 2388 653 2434 est
674 2378 786 2434 l'eneris
801 2378 846 2434 uel

91 2478 169 2516 suurn
188 2471 301 2518 crearet
318 2471 344 2518 te
363 2471 490 2533 nepotem
503 2463 662 2518 Cursorem.
691 2461 846 2518 Aemulatus

91 2546 416 2603 ScriueriutnSanadonus
424 2558 465 2602 est
476 2548 517 2603 his
529 2549 608 2620 nugis
620 2569 625 2602 :
639 2548 848 2603 rtrrdeRumues

90 2632 115 2685 ta
134 2640 174 2686 est
192 2631 297 2704 equites
314 2639 341 2686 et
361 2631 485 2698 Quirites
507 2633 530 2688 itt
555 2641 595 2688 est
616 2632 721 2705 plebem
733 2649 847 2703 proque

87 2718 170 2786 prote
189 2724 309 2787 postero
329 2717 444 2772 Rouurli
460 2726 562 2787 putres
590 2717 614 2772 id
641 2725 681 2771 est
707 2710 847 2771 senatores

89 2804 200 2857 creauit
216 2809 244 2858 et
258 2809 373 2875 nepotes
385 2801 528 2860 Coesores
540 2801 592 2869 ,in
601 2800 879 2870 satiasse-assam

79 2884 234 2957 Lipsiensis
253 2891 418 2969 aoquieuit.
438 2890 502 2948 nisi
521 2885 605 2964 spel
619 2873 770 2938 &ermetis
788 2867 909 2929 pesque
