1964 3202
175 176 209 226 26
396 195 580 230 rnavrcrurvn
593 195 711 229 varinnis
762 189 764 194 '

176 319 248 407 ligo,
272 335 294 389 si
315 352 491 408 praegressus
511 342 581 395 ula
599 336 688 391 fucrit.
719 335 802 402 Quem
824 353 934 391 uersum

175 419 275 492 quibus
292 420 344 474 iam
359 420 574 492 impugnauimus
589 421 780 493 argumentisc
796 421 887 476 uerbis
905 429 934 476 ct

176 504 311 559 sententia
323 504 456 577 repetitis,
467 505 504 559 cis
520 522 590 560 nunc
607 505 786 561 firmissimum
799 506 850 561 lioc
863 506 932 561 addo

176 606 231 662 quo
248 589 306 661 ipsc
318 606 346 643 se
359 588 541 661 interpolator
554 590 681 663 prodidit,
689 607 817 645 uersuum
826 589 895 661 legis
905 598 933 645 et

176 672 382 728 modificationis
392 673 579 745 ignorantiam.
600 673 703 729 Etenim
715 675 868 729 Romuleos
884 691 935 729 uo·

174 757 299 814 caltulum
318 759 390 830 quod
400 757 546 813 choriambi
559 776 710 815 mensnram
727 766 832 831 aequat,
849 776 933 832 pacn-

175 842 270 898 ultima
288 841 389 916 syllaba
406 842 536 915 producta
552 843 644 916 posuit
668 861 718 915 pro
741 843 851 916 epitrito
874 843 933 899 siue

175 927 341 988 ditrochaeo,
353 927 479 982 defensus
492 927 598 999 quidem
610 927 642 982 ab
650 927 790 983 Sanadono
805 936 832 982 et
844 927 863 981 F
866 928 933 983 reio.

175 1011 295 1079 Quorum
304 1019 393 1065 tamen
403 1010 476 1065 illum
489 1012 619 1084 producta
628 1011 741 1067 Graecae
751 1012 864 1084 originis
872 1029 934 1067 uer·

176 1096 210 1151 lia
221 1095 461 1151 velutDocdolcus
466 1106 665 1169 comparantem
676 1096 815 1152 Scliulzins
824 1096 932 1159 refellit,

176 1181 220 1236 nic
241 1181 331 1253 inepte
352 1180 491 1236 llitschelii
512 1180 630 1253 appellat
649 1182 681 1236 dc
698 1181 822 1254 sepulcro
838 1181 933 1236 Furio·

176 1283 236 1321 rum
258 1265 408 1320 Tusculano
430 1265 638 1337 disputationem
659 1266 869 1338 grammaticam,
892 1282 934 1321 sc·

175 1351 291 1406 cundum
308 1367 386 1422 quam
402 1350 555 1405 Romuleus
568 1351 699 1422 producta
715 1350 800 1406 forma
817 1358 863 1405 aut
877 1351 934 1408 lor-

177 1442 248 1490 tasse
271 1435 435 1489 Romuleios
454 1434 580 1507 explicari
608 1444 717 1507 posset:
743 1436 819 1507 quasi
841 1435 932 1490 cadem

175 1519 362 1574 aestimatione
380 1518 531 1574 Canuleius
547 1519 696 1592 similiaque
713 1520 820 1575 nomina
836 1519 933 1576 ctRo-

175 1606 286 1659 molens
309 1604 469 1666 adiectinum
495 1603 627 1658 metienda
654 1613 744 1659 essent
766 1612 812 1659 aut
841 1604 931 1659 cadem

176 1705 245 1762 quae
263 1687 405 1768 Furiornm
422 1686 530 1743 illorum
546 1697 574 1743 et
595 1688 749 1761 Scipionum
764 1687 933 1761 temporibus

177 1773 304 1847 prosodia
320 1772 407 1828 ualuit
429 1773 455 1826 in
477 1789 572 1828 uersus
594 1781 736 1848 poetarum
758 1773 865 1829 caderet
882 1772 933 1827 lla-

175 1858 262 1912 driani
278 1859 359 1913 aetati
371 1857 428 1913 siue
440 1857 566 1929 aequales
575 1857 632 1912 siue
643 1858 819 1930 posteriores.
836 1856 932 1924 Quidni

176 1943 210 1997 ad
226 1942 427 2015 ambiguitatem
441 1941 513 1996 illam
523 1941 781 2015 qnamloquisolcnt
793 1942 932 1997 nominum

178 2027 352 2100 propriorum
359 2026 638 2100 malimuspronocarc
647 2025 689 2080 uel
705 2027 736 2080 ad
750 2026 932 2081 uimarsisuel

176 2112 210 2166 ad
218 2111 303 2166 aliena
320 2112 352 2166 ab
368 2109 932 2183 omnicarminnmartehumilispleliismo-

178 2204 305 2251 nnnrcnta
326 2196 423 2268 quilius
441 2195 592 2250 huiusmodi
609 2195 763 2250 hexameter
779 2212 875 2250 uersus
892 2195 932 2250 in·

178 2280 296 2353 scriptus
317 2288 374 2335 cst:
400 2279 454 2334 His
474 2282 546 2335 locet
567 2279 709 2334 exanimis
725 2282 839 2334 tumulis
853 2282 934 2334 Aelia

180 2365 286 2420 Sabino
298 2364 517 2436 (Burmannianac
526 2363 699 2435 antliologiae
711 2365 742 2418 ll'
749 2370 791 2426 70,
806 2364 933 2438 llcyeria·

179 2466 228 2504 nac
246 2449 339 2520 miti?
355 2450 451 2504 Verum
468 2449 574 2504 omissis
589 2449 676 2520 nugis,
695 2449 740 2521 qui
756 2449 935 2504 defenderunt

183 2533 257 2587 illum
274 2534 467 2594 ditrochaeum,
482 2550 537 2588 non
550 2533 635 2605 magis
650 2542 775 2588 errarunt
793 2550 870 2605 quam
887 2534 933 2605 qui

168 2618 304 2671 mendoso
327 2619 495 2691 descriptum
518 2618 673 2674 Romuleos
688 2618 851 2674 uocabulum
869 2635 935 2672 con·

145 2691 317 2769 tectumque
345 2719 409 2759 esse
441 2705 651 2764 emendandum
674 2702 893 2762 arbitraliantur.
912 2699 955 2750 *tt
