1964 3202
266 363 269 370 '
313 366 498 400 PERVIGILIVM
511 366 630 400 VENERIS
832 345 851 395 9

95 508 220 563 lladriani
232 516 345 563 aetatem
353 507 489 578 antiquam
498 506 655 579 dignitatem
668 515 850 580 recuperaret.

95 593 243 649 Vtebnntur
258 593 343 664 igitur
358 592 436 647 Iouis
446 591 612 647 nominatiuo
628 591 751 652 Naeuius,
767 592 852 646 Pacu·

95 678 171 739 ulus,
187 677 304 738 Ennius,
320 676 423 737 Attium
445 675 587 737 Caecilius,
608 676 705 737 Varro,
728 675 852 749 Nigidius

95 780 154 817 cunr
168 761 296 817 asseclis
290 769 438 833 interprete
453 759 600 816 Germanici
613 769 639 815 et
651 760 781 835 Ampelio,
798 760 852 834 Hy-

95 847 182 918 ginus,
198 846 350 906 Petronius,
368 844 478 906 Gellius,
493 844 631 918 Apuleius,
647 845 699 907 alii,
715 853 741 900 et
742 862 853 930 quem

95 930 259 986 admodum
253 948 280 984 m
294 932 360 984 Al'ro
376 928 423 983 illo
439 928 519 984 titulo
535 929 577 985 eui
593 919 720 1001 σύνοψις
734 915 849 999 ἀναθη-

95 1006 196 1087 μάτων
216 1015 343 1090 inseripta
362 1022 403 1068 est
425 1014 493 1087 apud
514 1013 667 1069 llenzenum
690 1021 758 1074 6139
772 1014 853 1069 Ionis

102 1100 198 1156 Victor
216 1106 369 1170 orpenteus
388 1098 488 1170 legitur
509 1097 579 1153 uel
573 1115 599 1152 in
622 1107 696 1153 sorte
718 1089 852 1172 Apollinis

95 1185 165 1259 apud
178 1184 321 1256 Apuleium
336 1184 588 1256 metamorphoseon
604 1182 636 1236 lV
644 1191 678 1243 33
690 1201 744 1254 quo
759 1185 854 1238 tremit

94 1275 155 1340 ipse
176 1269 267 1329 louis,
291 1269 328 1323 itu
346 1269 455 1340 ignotus
471 1268 589 1341 scriptor
602 1267 754 1340 Peruigilii,
771 1285 851 1340 quem

95 1353 210 1427 Apuleio
226 1353 282 1407 lere
310 1351 447 1424 aequalem
470 1352 571 1412 iudico,
592 1353 764 1408 vnominatiuo
787 1369 852 1408 casu

95 1438 162 1493 dixit
177 1437 263 1492 Iouis,
293 1436 386 1508 Neque
407 1436 478 1491 hunc
494 1445 601 1509 poetam
616 1435 792 1510 improbabile
809 1445 852 1492 est

96 1539 160 1578 uere
183 1529 274 1576 natum
296 1522 384 1576 leuem
404 1519 525 1582 linxisse,
551 1538 629 1593 quam
649 1521 764 1577 fabulam
786 1520 852 1576 alias

97 1625 151 1663 non
165 1607 275 1661 inuenio
293 1606 426 1661 traditam.
442 1605 505 1660 Nam
523 1615 553 1660 ut
564 1606 656 1660 uernis
668 1605 797 1660 imbribus
809 1623 852 1660 sa·
856 1644 857 1649 κ

96 1710 155 1748 cras
173 1693 244 1747 louis
264 1699 291 1745 et
312 1689 421 1745 lunonis
437 1698 505 1768 nupt
507 1690 545 1744 ius
494 1689 604 1744 tulii
620 1691 702 1745 laetas
718 1706 778 1745 esse
794 1707 854 1744 ere·

96 1776 200 1838 debant,
216 1777 253 1831 ita
268 1761 322 1830 ndn
337 1775 465 1830 abhorret
481 1792 495 1828 a
512 1775 582 1829 louis
596 1774 762 1848 mythologie
779 1775 851 1846 quod

96 1879 159 1917 uere
174 1870 265 1916 natum
280 1877 340 1915 eum
357 1876 415 1914 esse
428 1859 472 1914 alii
488 1858 683 1914 labulabantur
699 1858 731 1913 Et
743 1866 809 1913 utu
817 1863 854 1918 78

97 1948 221 2000 Amorem
243 1962 308 2017 ager
327 1945 464 2017 peperisse
487 1960 557 1998 noue
583 1943 681 1998 dieitur
705 1973 740 1982 -
764 1959 852 2014 neque

97 2030 168 2085 enim
184 2046 324 2084 commune
340 2028 483 2101 quidquam
506 2027 570 2082 liaeo
591 2026 678 2082 labulu
696 2026 776 2081 liabet
791 2044 851 2081 cum

97 2114 236 2185 illaquam
253 2122 359 2168 ueteres
376 2111 468 2167 Graeci
488 2120 583 2185 poetae
599 2111 804 2177 celebrauerunt
818 2111 853 2166 dc

98 2197 225 2270 Cupidine
246 2197 453 2268 cosrnogonico,
480 2196 527 2251 sed
547 2195 625 2250 habet
646 2213 705 2250 cum
727 2212 851 2267 ecquam

100 2281 222 2336 Tibullus
238 2282 258 2335 ll
276 2292 296 2342 t,
309 2287 340 2340 67
358 2281 460 2354 tetigit:
477 2281 544 2351 Ipse
558 2283 688 2351 interque
698 2296 799 2352 propes
810 2282 854 2336 in·

99 2374 198 2436 terque
219 2374 348 2420 armento
365 2365 470 2436 Cupido
485 2366 577 2420 Notos
598 2373 624 2420 et
643 2367 793 2421 indomitos
810 2367 850 2420 di·

99 2453 175 2507 oitur
190 2452 264 2504 inter
284 2445 372 2520 ofitus
390 2481 425 2514 ε
442 2449 478 2505 ita
495 2449 546 2505 boe
565 2450 625 2505 loeo
646 2467 699 2522 qno
722 2451 764 2505 uis
780 2451 852 2505 ueris

69 2603 73 2612 Ι
99 2536 223 2592 universa
239 2534 407 2596 describitur,
424 2551 476 2589 non
492 2534 585 2589 dubito
603 2534 667 2606 quin
683 2543 745 2590 tunc
760 2542 852 2588 notum

100 2622 188 2676 louein
201 2637 259 2673 esse
272 2620 392 2692 potuerit
402 2627 482 2692 poeta
494 2617 602 2691 fingere.
626 2618 711 2685 (lirare
727 2618 852 2690 quoniam

100 2715 195 2779 pinetae
216 2722 275 2759 esse
298 2704 364 2758 bone
387 2703 545 2758 seutentiam
568 2703 744 2763 arbitramur,
773 2721 852 2774 quam

100 2790 279 2845 Silurusionus
297 2788 365 2843 liber
380 2788 404 2842 lr
399 2788 476 2850 diet
501 2787 642 2860 relicuum
652 2797 699 2840 esu
715 2797 756 2837 xxx
771 2794 870 2834 mm

96 2873 274 2932 coosularnus
297 2875 513 2953 transponendo
527 2870 691 2930 ultumum
708 2875 822 2927 new*
834 2863 907 2899 m*
