1964 3202
133 422 163 471 to
348 441 533 476 rouvrernrvu
546 441 664 476 venatus

129 581 249 637 omnium
267 581 413 636 carminum
430 591 484 637 tum
500 583 639 655 Pcruigilii
654 583 806 655 complures
822 600 885 638 ucr-

129 683 176 720 sus
192 665 259 720 male
274 666 399 721 cadentes
414 667 465 722 1111
481 667 557 739 quasi
572 667 732 722 adminiculo
749 677 812 722 sunt
828 668 881 723 eri-

128 749 217 821 gendi.
252 751 403 823 Totumque
417 752 555 807 exordium
566 752 701 807 constitui
718 752 756 806 sic
774 751 852 807 uolo:

129 898 184 947 Ver
195 913 307 947 nouum:
320 914 369 947 uer
380 900 435 947 iam
449 915 589 948 canorum:
602 915 661 948 aere
671 906 744 948 natus
754 900 883 949 11111111.ο

128 981 193 1014 uere
207 967 373 1016 concordant
386 981 504 1016 amores:
523 983 588 1016 uere
601 968 706 1016 nubunt
718 967 809 1027 alites,

129 1038 264 1084 etaemus
277 1049 381 1084 comam
394 1035 507 1084 resoluit
519 1035 552 1083 de
565 1036 671 1083 inuritis
684 1035 823 1084 imbribus.

170 1173 274 1228 Nonum
289 1191 397 1229 uersum
414 1191 468 1229 nou
483 1175 604 1247 potuisse
620 1191 633 1228 a
648 1182 728 1247 poeta
744 1174 828 1229 subici
842 1192 883 1230 se·

128 1260 213 1334 ptime
228 1266 255 1312 et
271 1267 376 1319 octauo,
394 1267 538 1332 postquam
555 1259 661 1331 Lipsius
677 1259 738 1314 huic
754 1260 883 1332 strophae

128 1344 264 1400 minimum
281 1360 360 1398 senos
375 1352 420 1398 aut
439 1351 566 1416 septenos
584 1360 677 1401 uersus
693 1344 786 1399 deesse
802 1343 883 1398 adue·

128 1429 210 1489 tauit,
231 1427 334 1500 primus
356 1428 473 1486 ostendit
494 1428 698 1483 Heidtmannus:
727 1427 881 1501 adstipulati

128 1521 192 1569 suut
205 1529 352 1584 anonymus
365 1512 454 1568 editor
464 1513 610 1586 Lipsiensis
627 1521 654 1568 et
666 1514 729 1568 Otto
740 1512 883 1568 Muellerus

127 1598 174 1652 ‘dc
193 1598 221 1652 P.
243 1597 330 1652 Annio
352 1597 432 1652 Floro
456 1596 696 1671 poeta'·(l3erolini
718 1596 882 1673 lfflcuetv),

125 1683 284 1738 aduersatus
306 1689 337 1735 ut
359 1681 415 1736 lere
435 1680 538 1736 nullum
559 1681 586 1735 in
609 1676 799 1755 pertractando
821 1682 883 1736 Per·

126 1765 221 1839 uigilio
242 1766 366 1821 indicium
384 1766 532 1839 praestitit,
556 1765 648 1821 Freius
663 1765 749 1821 musci
763 1765 880 1819 Rhcnani

127 1851 191 1906 noui
206 1850 228 1904 X
241 1869 267 1922 p.
282 1855 338 1910 ret.
361 1851 410 1917 llui
423 1850 495 1922 quod
507 1858 574 1906 tunc
587 1842 745 1923 particulam
760 1867 788 1904 se
801 1866 882 1921 posse

125 1937 264 1992 eraserit
283 1952 338 2006 pcto
359 1935 531 2008 interpretari
550 1936 688 2008 opinatur,
714 1951 746 1990 eo
767 1933 881 1989 artificio

126 2020 212 2075 utitur
236 2020 307 2092 quod
328 2037 388 2074 cum
408 2019 471 2074 olim
494 2019 656 2092 interpretes
680 2018 838 2075 habuissent
855 2018 882 2072 in

125 2103 241 2165 deliciis,
261 2112 355 2159 uestra
370 2113 456 2159 aetate
473 2104 514 2159 vix
531 2105 665 2160 invenitur
681 2104 726 2178 qui
742 2120 797 2158 non
812 2103 882 2157 deri·

124 2190 195 2244 deat.
223 2188 303 2244 Recte
318 2197 407 2244 autem
414 2189 491 2267 idern
506 2189 698 2244 Heidtmannns
710 2189 761 2244 lies
776 2205 881 2248 uersus,

125 2273 222 2346 quibus
243 2283 304 2328 nata
327 2272 435 2328 caelesti
458 2275 588 2346 sanguine
609 2281 635 2329 et
663 2291 757 2347 spuma
779 2273 881 2327 marina

124 2358 207 2412 llionc
221 2356 382 2418 celebratur,
398 2365 459 2430 apte
476 2358 543 2412 uidit
557 2358 703 2413 conuenire
719 2357 746 2411 in
763 2374 824 2411 cum
841 2356 881 2411 le·

124 2459 184 2496 cum
201 2459 254 2513 quo
270 2442 393 2497 Aetheris
416 2449 444 2496 et
460 2442 573 2496 Telluris
595 2442 704 2515 nuptiae
719 2457 882 2496 commemo·

125 2536 227 2581 rantur.
262 2528 296 2580 At
314 2527 415 2582 errauit
432 2526 459 2580 in
479 2544 511 2581 ee
536 2527 608 2598 qnod
623 2528 693 2587 ue,
712 2535 757 2588 10,
775 2535 804 2585 11
821 2525 883 2578 hine

125 2610 252 2683 expulsos
269 2611 340 2666 inter
351 2629 377 2665 u.
391 2617 424 2670 6¹2
436 2618 462 2665 ct
474 2617 508 2670 63
517 2611 694 2684 interposuit:
710 2627 796 2683 neque
812 2608 882 2664 enirn

125 2696 246 2750 ordinem
262 2712 389 2751 uersuum
403 2713 452 2768 par
468 2703 509 2750 est
524 2695 604 2750 talem
618 2696 740 2756 restitui,
763 2702 806 2749 ‘ut
822 2692 883 2747 lesti

124 2779 276 2835 celebrandi
295 2780 370 2835 notio
393 2789 420 2835 et
446 2780 529 2835 tetius
544 2787 656 2835 naturae
674 2779 778 2835 initium
799 2777 883 2832 Vene-

113 2864 212 2929 11111
224 2872 304 2920 ortus
314 2864 343 2918 in
358 2866 447 2921 medio
464 2865 569 2920 tandem
581 2865 697 2920 carmine
708 2862 882 2935 explicentur,
906 2924 910 2932 1

88 2946 252 3009 postqum
275 2956 360 3006 antea
383 2951 438 3008 iam
463 2951 496 3010 de
517 2950 606 3027 ipsius
624 2950 654 3006 ui
671 2946 835 3024 procreatiei
848 2945 887 3027 di-
