1964 3202
123 383 155 432 52
341 397 526 432 rncvrercivn
539 398 658 431 11333311

165 539 200 594 Ε3
212 556 280 611 quac
295 539 423 593 hactenus
434 556 484 611 per
495 538 583 593 uarias
592 539 739 594 disserendi
752 538 879 612 ambages

124 623 286 698 protulimus
304 632 334 678 ut
346 641 400 677 uno
414 623 440 676 in
453 631 598 696 conspectu
617 623 705 678 omnia
720 624 880 679 uiderentur

91 748 94 752 -
123 717 149 764 et
163 725 270 765 carmen
288 725 366 780 quem
385 708 540 763 admodum
562 707 696 780 digestum
713 707 820 774 anobis
836 717 878 764 est

122 793 261 849 commode
276 792 426 864 legeretur,
453 800 540 847 totum
562 793 588 847 in
603 792 738 865 proximas
756 779 878 866 pagellas

122 876 351 933 transcribendum
372 876 472 932 curaui.
514 875 651 948 Simulque
667 876 821 932 Salmasiani
834 876 879 931 Pi-

123 962 284 1034 thoeaniquc
305 960 435 1016 librorum
454 961 537 1016 adieci
559 962 765 1034 discrepantiam
783 978 878 1017 secun·

122 1046 325 1104 dumOrelliana
341 1044 500 1118 exemplaria
513 1045 631 1101 etunius
646 1046 778 1118 cuiusque
793 1045 879 1118 scrip·

123 1139 198 1186 turae
215 1131 412 1191 auctoritatem,
433 1147 511 1202 qnam
526 1138 555 1184 ut
576 1130 724 1185 accuratius
740 1129 878 1202 aliquanto

120 1216 277 1276 indicarem,
297 1215 394 1269 lactum
414 1232 463 1269 nsu
481 1222 522 1269 est
541 1215 597 1269 eius
612 1214 738 1269 editionis
754 1232 821 1286 quae
835 1213 879 1268 Pi·

122 1299 211 1362 111331,
230 1298 328 1372 lipsii,
351 1297 485 1359 salmasii,
503 1298 878 1370 831133111,113ιί3113113ςί-

123 1401 183 1439 nem
200 1382 400 1438 adnotationum
425 1382 562 1456 complexa
585 1382 673 1454 Hagae
695 1382 828 1437 Comitum
853 1400 876 1436 a.

122 1467 250 1522 nocent
270 1467 415 1528 aClerico,
444 1476 475 1522 ut
492 1467 609 1530 uidetur,
630 1467 727 1522 emissa
743 1476 792 1522 est.
821 1466 878 1522 {lac

124 1553 194 1607 enim
210 1552 324 1607 Pithoeo
345 1551 497 1624 complures
515 1541 607 1607 deberi
623 1552 823 1607 emendationes
838 1551 878 1606 di·

123 1636 175 1692 dici
202 1653 267 1709 quas
290 1636 408 1691 editores
431 1636 551 1692 tribuere
578 1645 755 1692 assuenerant
775 1636 876 1709 lipsio.

121 1721 273 1776 Extremum
291 1738 360 1776 nunc
385 1730 426 1775 est
452 1721 560 1793 utquid
578 1714 689 1776 sentiam
707 1721 739 1776 de
756 1720 798 1775 his
818 1737 878 1775 uer·

122 1806 162 1861 nis
182 1822 312 1878 exponam
340 1806 365 1859 in
382 1805 545 1860 Salmasiano
566 1805 636 1859 liltro
661 1804 816 1878 praemissis
830 1804 879 1860 In.-

121 1892 190 1962 cipit
208 1891 392 1961 Percipitinm
411 1890 528 1944 Veneris
546 1892 783 1946 trocoicometro.
812 1894 879 1944 sunt

121 1991 191 2031 uere
212 1989 315 2029 uersus
335 1974 436 2029 XXII.
469 1973 527 2041 Quo
549 1992 661 2029 numero
681 1991 759 2046 quam
774 1973 878 2029 Boulre·

122 2060 178 2114 rins
196 2067 223 2114 et
241 2057 350 2131 Sarpius
365 2060 504 2115 dementer
522 2059 597 2113 alrusi
616 2059 676 2120 sint,
694 2068 783 2113 tacere
799 2075 878 2130 prae·

120 2152 182 2200 stat.
204 2143 254 2198 Sed
267 2143 416 2199 Scriuerius
435 2161 495 2199 cnm
511 2152 668 2199 cunctorum
687 2159 799 2197 numero
817 2159 879 2197 uer·

122 2245 198 2283 snum
218 2227 292 2283 illum
313 2237 509 2300 exaequaturus
531 2228 556 2282 in
571 2227 633 2282 xutt
650 2227 764 2282 mutauit
780 2235 807 2281 et
824 2226 879 2299 pri·

121 2330 192 2368 mum
208 2313 332 2368 carminis
349 2330 457 2368 uersum
475 2311 660 2367 intercalarem
674 2310 819 2385 praecidit,
841 2311 879 2366 ita

121 2395 301 2470 adstipulante
317 2397 492 2452 Heidtmanno
509 2406 538 2452 ut
558 2396 616 2452 tolli
637 2412 696 2451 eum
713 2413 821 2450 uersum
839 2398 879 2450 in·

121 2482 197 2537 lieret
218 2482 263 2553 qui
284 2482 309 2535 in
324 2481 401 2536 libris
419 2490 530 2536 octauns
558 2489 607 2542 est,
625 2498 702 2552 311313
719 2480 879 2535 sententiam

121 2565 265 2622 lllnellerns
289 2585 314 2640 p.
339 2564 633 2639 12133111331313111.
669 2565 754 2620 lleum
777 2565 804 2619 13
818 2565 879 2620 'lroc

121 2668 182 2706 cum
198 2650 332 2706 Scrinerio
355 2651 480 2706 iudicium
497 2649 624 2722 congruit
641 2660 670 2705 ut
685 2650 800 2723 primum
817 2666 879 2705 uer·

124 2752 181 2790 sum
201 2735 330 2807 scriptum
348 2754 362 2790 u
379 2745 459 2809 poeta
472 2752 530 2790 esse
543 2751 645 2806 negem,
664 2734 708 2806 qui
725 2733 747 2788 si
762 2751 879 2807 praepu-

117 2819 221 2871 snr'rset
235 2818 325 2881 illum,
352 2837 475 2894 magnam
491 2819 609 2875 ineuntis
624 2818 750 2874 carminis
764 2818 818 2873 uinr
838 2825 879 2873 at·

96 2911 155 2958 we
167 2899 306 2969 1113131313
321 2906 391 2963 satis
408 2907 577 2986 insipienter
593 2903 776 2962 debilitasset.
791 2902 892 2972 ltaque
