1964 3202
119 423 153 473 24
337 437 672 473 enav1o1c1vuvuuaa1s
708 415 711 420 ’

121 579 145 635 is
160 579 224 635 iacit
239 575 289 651 qui
300 579 358 652 ipse
381 578 431 633 init
451 577 664 640 matrimonium,
691 577 876 651 ambiguitatis

121 664 231 720 erimine
247 662 313 719 illud
330 665 393 734 ipsc
405 662 476 734 fecit
490 680 553 718 cum
574 662 687 718 Sabinis
699 665 815 732 nuptias
828 681 876 719 ue·

123 766 255 822 quaquam
274 748 381 803 eximes.
413 748 479 803 Tum
494 748 653 803 sententiam
668 748 690 802 si
713 739 874 821 spectamus,

120 832 184 889 iicet
199 832 381 888 uenerationis
395 848 461 903 ergo
473 840 552 905 poeta
563 850 607 887 res
622 850 636 886 a
650 833 698 887 dea
714 838 804 905 gestas
820 850 876 887 am·

121 916 241 990 plificans
260 917 311 973 hoc
323 916 374 972 sibi
392 915 534 972 indulserit
551 925 581 971 ut
595 917 750 989 coniugium
766 934 875 989 quoque

71 1061 72 1065 ,
121 1019 181 1058 eum
196 1001 299 1057 Sabinis
314 1001 494 1056 Romanorum
510 1000 624 1073 fingeret
640 1001 698 1056 eius
717 1019 798 1074 opera
811 1018 876 1056 con·

70 1079 72 1084 ’
121 1085 237 1160 silioque
254 1086 387 1148 adiutum,
404 1085 513 1140 nimium
530 1087 573 1157 pia
589 1086 683 1158 fraude
699 1086 833 1160 peccauit,
850 1087 873 1139 si

70 1222 73 1230 .
121 1168 249 1226 Venerem
268 1178 400 1242 tamquam
416 1170 564 1242 proximam
578 1187 698 1225 caussam
720 1170 787 1225 illud
808 1170 875 1226 dixit

121 1254 230 1316 iecisse,
252 1255 278 1310 id
294 1262 336 1309 cst
353 1253 498 1326 perfecisse
516 1261 597 1327 atque
612 1254 771 1310 absoluisse.
805 1254 875 1321 Qua·

71 1368 73 1372 >
119 1339 172 1394 lem
195 1357 255 1394 eum
275 1339 393 1393 fraudem
409 1354 444 1395 ,eo
464 1339 551 1395 miuus
575 1339 740 1394 commisisse
755 1339 875 1395 credide·

120 1424 184 1485 rim,
206 1440 266 1479 cum
289 1440 314 1477 u.
331 1429 364 1483 69
383 1430 410 1477 et
430 1427 465 1481 70
481 1439 537 1478 non
551 1423 706 1479 discesserit
721 1441 736 1478 a
754 1423 874 1495 uolgatis

121 1507 292 1581 opinionibus
318 1525 383 1580 quas
405 1508 551 1563 auctoritas
573 1515 713 1580 poetarum
732 1503 875 1563 uidebatur

120 1592 301 1648 confirmasse.
331 1593 418 1664 Atque
441 1591 512 1647 aliud
534 1600 608 1653 erat,
633 1610 647 1647 a
668 1593 715 1647 dea
731 1594 781 1648 ileo
796 1591 872 1646 Marti

119 1677 220 1732 aditum
237 1677 268 1731 acl
283 1677 362 1732 Ream
371 1676 480 1731 Siluium
494 1677 665 1750 patefactum,
680 1677 751 1732 aliud
765 1677 874 1732 Sabina·

118 1779 178 1816 rum
198 1769 304 1834 raptum
320 1761 456 1834 uirginum
477 1762 510 1816 ab
529 1762 620 1816 eadem
642 1764 731 1816 ortum
753 1779 810 1817 esse
827 1779 872 1817 su·

118 1863 206 1901 more:
228 1846 327 1900 etenim
343 1846 370 1901 iu
390 1845 436 1900 illa
453 1853 484 1900 ut
505 1846 614 1901 omniuo
629 1845 743 1903 fabulari
760 1846 873 1902 bistoria

118 1929 243 1985 audacius
263 1929 362 2002 aliquid
378 1930 543 1986 comminisci
557 1929 641 1992 licuit,
658 1931 708 1985 hoe
727 1940 815 1986 autem
834 1931 847 1984 1
861 1960 873 1971 -

118 2015 201 2076 einos,
216 2015 288 2086 quod
305 2023 332 2069 et
346 2032 375 2068 re
386 2032 449 2070 uera
459 2014 558 2070 iactum
574 2015 734 2084 credebatur
745 2015 874 2070 historia·

117 2115 176 2154 rum
193 2098 242 2154 fide
259 2117 345 2172 neque
360 2100 510 2155 eonseetnm
523 2099 575 2153 nisi
589 2106 647 2154 arte
662 2107 689 2161 et
704 2101 808 2155 ratione
823 2100 873 2155 bu·

116 2200 207 2245 mana,
235 2183 327 2238 diuino
351 2191 436 2239 totum
456 2184 558 2239 niuniui
581 2183 663 2238 tribui
685 2202 739 2240 non
754 2192 871 2257 poterat,

117 2268 210 2323 saltem
225 2285 278 2323 nou
295 2267 416 2324 debebat.
448 2267 498 2323 Sed
517 2269 557 2322 bis
580 2285 648 2340 quae
670 2275 697 2322 et
718 2269 871 2341 spinosiora

117 2369 176 2408 esse
191 2361 219 2407 et
238 2352 342 2410 leuiora
357 2353 457 2414 fateor,
480 2352 618 2425 suppetias
636 2352 686 2407 alia
707 2353 796 2408 terent
810 2371 871 2425 gra·
893 2348 895 2353 ’

117 2437 201 2492 uiora.
218 2436 293 2504 Quod
303 2438 372 2491 euim
381 2437 619 2509 grammaticalege
629 2439 702 2492 triade
710 2455 870 2510 pronomen,

117 2539 200 2598 aquo
218 2522 356 2595 proximus
373 2539 469 2576 uersus
486 2521 595 2593 incipit,
613 2521 794 2577 adRomulcas
810 2539 870 2577 cum

117 2605 221 2660 Sabinis
238 2606 345 2678 nuptias
356 2607 464 2678 ‚referre
484 2605 615 2667 iubemur,
632 2624 701 2678 nego
720 2607 744 2662 iu
763 2606 789 2660 in
804 2624 871 2678 poe·

117 2697 159 2746 tae
177 2689 368 2763 cogitationem
382 2690 536 2746 conuenire.
562 2690 643 2747 Iuliae
660 2692 765 2763 quidem
781 2691 870 2763 gentis

116 2781 197 2846 atque
220 2775 360 2830 Caesarum
387 2775 518 2846 originem
543 2784 607 2830 nota
628 2784 670 2831 est
697 2776 785 2831 sabula
809 2775 892 2831 duci

110 2876 128 2909 a
147 2859 254 2920 Venere,
274 2877 367 2915 uerum
384 2859 444 2933 quis
462 2847 544 2913 irrisu
559 2876 614 2915 nou
629 2856 807 2915 insectaretur
821 2860 870 2914 bo·

88 2937 196 2994 mairem
214 2950 276 2999 tam·
278 2962 423 3018 peruerse
437 2945 486 3003 illa
501 2944 622 3002 historia
634 2961 726 3004 usum,
740 2950 776 2996 ut
787 2960 823 2996 es
832 2942 883 2993 bn·
