1964 3202
307 369 492 405 enavruinrru
505 369 623 404 annaeus
812 354 842 403 17

88 510 161 582 quod
182 527 295 583 spuma
316 511 441 583 sanguini
456 510 597 566 commixta
612 527 666 565 non
682 510 843 566 maritantur
886 523 888 526 ’

75 594 234 656 imbres,
261 595 340 649 etiam
361 594 542 668 perabsurdus
565 594 610 650 ilie
630 601 710 667 poeta
731 594 802 650 foret
819 596 842 650 si

85 679 198 734 eandem
213 695 269 734 rem
289 679 383 733 eodem
404 679 543 734 enuntiato
562 677 603 735 his
625 678 663 734 sic
684 677 841 734 iudicasset:

91 764 170 818 Tune
185 765 219 818 cie
234 779 360 833 superno
376 779 494 830 eruore,
510 778 625 832 spumeo
639 764 718 834 plotio
733 765 843 818 Pontus

82 851 199 920 peperit
223 849 358 903 Venerem
374 850 408 902 de
423 849 534 902 moritis
548 848 703 902 imbribus·
728 847 841 902 Pauluio

87 933 248 1007 prudentius
272 932 316 987 alii
338 933 373 987 de
393 934 505 986 moritis
525 933 662 987 imbribus
678 933 795 1005 pendere
810 949 842 988 ex

87 1020 241 1072 arridentem
256 1024 405 1072 statuentes
427 1016 507 1071 maris
529 1033 624 1089 aquam
644 1016 841 1072 intellexerunt.

87 1103 119 1158 Et
140 1105 174 1158 de
195 1102 301 1174 quidem
318 1101 562 1175 praepositionem,
591 1101 643 1156 uisi
660 1102 732 1156 sorte
747 1119 842 1174 parum

87 1195 201 1243 uenuste
219 1196 282 1260 post
296 1188 470 1256 supernode
490 1201 593 1241 eruore
609 1203 667 1241 earn
689 1187 775 1259 repeti
795 1186 842 1241 tibi

86 1272 262 1346 persuadeas„
287 1270 387 1325 nullam
401 1270 576 1326 offensionem
591 1288 701 1326 mouere
715 1271 841 1333 concedo,
867 1337 869 1342 Ι

82 1356 194 1412 ,tametsi
210 1354 310 1410 iireliio
327 1372 381 1410 non
402 1355 536 1410 assentior
559 1355 735 1428 praecipienti
752 1364 842 1428 ‘prae-

87 1441 188 1513 positio
207 1443 241 1495 de
265 1440 335 1512 apud
357 1447 480 1495 nostrum
500 1448 607 1512 poetam
624 1439 769 1511 quamlibet
786 1439 842 1495 fere

87 1525 167 1580 haiiet
183 1523 405 1597 significationem
415 1525 428 1576 ’.
453 1523 534 1578 imino
552 1540 619 1579 uero
634 1525 715 1579 certis
729 1525 842 1580 eircum-

87 1610 203 1682 seriptus
225 1608 322 1663 finibus
337 1609 416 1664 huius
433 1607 558 1662 [iocabuli
572 1625 637 1664 usus
652 1609 735 1663 estin
750 1610 842 1664 Perni-

85 1693 167 1767 gilio:
193 1711 225 1749 ex
243 1693 351 1765 uulgari
373 1692 566 1748 consuetudine
583 1700 663 1765 poeta
686 1689 800 1766 sumpsit
816 1712 841 1749 u.

85 1781 211 1849 sequere·
223 1781 258 1834 de
272 1780 374 1833 morito
388 1779 520 1838 birrboro,
530 1777 840 1850 aiialiorumenemplum

88 1872 230 1935 poetarum
243 1878 282 1918 ex
293 1861 503 1936 praepositionis
516 1862 654 1916 notionem
665 1862 801 1935 expressit
815 1879 840 1916 u.

85 1953 117 2007 71
135 1947 226 2001 Marti
236 1948 270 2002 de
286 1949 390 2001 sacello
403 1949 453 2002 dut
466 1948 600 2015 pudieam
612 1949 760 2018 stirpium,
777 1963 840 2000 suae

81 2031 182 2086 aetatis
198 2049 272 2086 mure
287 2049 392 2086 eausam
403 2029 447 2085 uel
459 2030 604 2091 nuteriam,
620 2047 671 2102 qua
683 2030 745 2102 quid
756 2029 841 2090 fieret,

85 2115 284 2187 significaturus
299 2116 365 2170 iiixit
374 2123 429 2173 u.4
446 2130 544 2169 nemus
558 2132 665 2169 comam
680 2115 796 2168 resoluit
808 2116 842 2168 de

86 2202 197 2254 maritis
208 2201 350 2266 imbribus
359 2206 375 2259 6
384 2201 502 2269 inplicat
513 2215 598 2254 cusos
611 2199 729 2253 uirentis
741 2200 774 2252 de
788 2200 841 2269 (iu-

84 2285 157 2357 peIIo
171 2293 289 2355 myrteo,
304 2291 321 2343 9
335 2299 438 2339 cruore
449 2286 483 2338 de
494 2299 619 2354 superno
633 2282 790 2336 —Poatus
802 2313 840 2322 -

83 2369 154 2442 fecii
170 2370 321 2423 ariditatem
331 2368 449 2435 Dionen,
468 2375 501 2426 14
513 2368 655 2439 turpentia
666 2368 793 2436 popilius
807 2369 841 2422 de

83 2453 189 2525 fanoni
202 2455 313 2522 spiritu,
332 2459 361 2513 17
371 2454 508 2508 lacrimae
523 2457 674 2506 trementes
685 2453 719 2506 de
733 2453 841 2506 caduco

81 2541 220 2609 peredere,
236 2544 343 2596 23et‘24
353 2537 435 2608 secto
443 2537 574 2607 Cypridis
588 2538 622 2591 de
634 2551 738 2591 eruore
751 2537 840 2606 deque

86 2625 199 2678 Amoris
211 2625 314 2677 osculis
327 2624 416 2693 deque
428 2623 543 2693 perimis
556 2623 645 2692 deque
659 2622 840 2692 floaimisde·

85 2723 139 2779 que
156 2709 223 2762 solis
234 2710 389 2777 purpuris,
410 2713 443 2766 39
456 2714 597 2761 etaemus
610 2708 645 2760 sit
661 2707 839 2760 incruentum

86 2788 858 2868 deformisstrepituum.ttuettsmspnmmeuuesu·
934 2848 938 2854 ,

80 2881 127 2928 tm·
137 2875 286 2935 ullomodo
296 2876 638 2955 probariiireiiianamus
651 2872 691 2926 ne
699 2882 762 2938 um
771 2869 893 2925 ruffi*

727 2971 757 3020 *Σ
