1964 3202
337 375 521 409 rnnvroimvn
534 374 653 408 varennis
841 358 881 416 15,

69 503 71 508 ¹
119 532 217 571 annum
234 516 345 578 creauit,
362 516 389 569 in
405 514 492 570 sinum
509 514 623 579 Telluris
641 514 742 569 effusus
758 523 807 575 est,
824 532 872 570 ne*-

119 618 178 655 rum
203 609 345 673 postquam
369 599 466 655 imbres
491 617 555 655 suos
576 600 603 653 in
623 599 753 672 gremium
777 600 872 654 matris

120 694 207 740 terrae
223 685 425 759 praecipitauit,
447 692 508 739 nata
531 692 572 739 est
593 701 682 738 rerum
698 684 871 740 uniuersitas.

119 771 211 826 Restat
226 777 256 825 ut
272 769 452 824 firmissimum
467 768 582 824 adieram
598 776 799 840 argumentum,
823 785 873 823 eur

120 853 250 910 insiticius
266 871 292 908 u.
308 860 341 913 62
356 853 490 926 putandus
506 855 556 908 sit:
572 853 625 908 hoo
640 853 710 907 enim
721 845 810 908 deleto
825 871 873 926 pa·

118 957 173 995 rem
194 939 303 994 omnino
319 945 345 992 et
362 936 498 1009 aequalem
515 935 598 1010 priori
614 938 741 1010 strophae
758 938 872 993 formam

119 1023 336 1097 recuperauimus
352 1021 477 1083 alterius,
500 1038 568 1095 quae
587 1021 698 1076 totidem
718 1022 743 1077 id
766 1030 806 1077 ost
825 1039 872 1078 sex

120 1109 170 1164 hos
185 1125 279 1163 uersus
295 1106 512 1180 comprehendit:
529 1113 576 1168 59,
591 1113 637 1167 60,
653 1113 700 1167 61,
717 1115 747 1168 9,
768 1116 811 1168 10,
831 1114 870 1164 tl.

118 1194 182 1249 Nam
205 1194 232 1247 in
254 1190 426 1264 stropharum
450 1191 646 1265 compositione
667 1190 754 1263 legem
770 1191 870 1246 nullam

119 1279 165 1351 qui
182 1284 302 1333 secutum
318 1292 376 1331 esse
394 1283 499 1349 poetam
518 1276 627 1336 statuit,
644 1275 705 1347 quia
721 1293 774 1331 nou
790 1292 872 1330 uerae

119 1362 246 1434 strophae
269 1367 374 1421 essent,
394 1369 454 1415 ante
471 1361 559 1415 omnia
577 1361 613 1421 is,
633 1360 685 1414 nisi
702 1378 782 1416 sensu
798 1359 870 1415 omni

119 1446 241 1518 poeticae
252 1445 317 1499 artis
327 1452 423 1506 eareat,
440 1444 520 1507 uelim
535 1444 649 1517 explicet
665 1445 789 1516 quidnam
806 1443 873 1500 sori·

119 1529 328 1604 ptorPeruigilii
341 1528 412 1584 aliud
427 1529 555 1602 spectarit
566 1546 626 1606 oum
641 1529 761 1602 singulas
776 1528 872 1584 earmi-

118 1616 159 1670 nis
178 1614 323 1688 particulas
340 1632 423 1670 uersu
443 1613 595 1668 intercalari
610 1614 802 1686 distingueret,
818 1612 870 1668 nisi

116 1709 215 1756 certam
231 1708 436 1771 congruentiam
452 1707 479 1753 et
495 1697 724 1770 aequabilitatem,
746 1706 792 1752 aut
806 1696 870 1752 oas'u

117 1801 170 1857 quo
181 1785 247 1839 taeta
260 1783 448 1839 conuenientia
464 1783 498 1837 sit
510 1799 636 1837 uersuum
645 1790 753 1842 aet-35
762 1789 870 1842 et49—

116 1877 150 1927 56
171 1867 213 1923 uel
230 1875 338 1929 ar-tt
354 1877 382 1924 et
397 1873 515 1926 81-92.
560 1870 599 1922 An
621 1868 666 1940 qui
688 1868 745 1922 sine
769 1867 868 1921 inuidia

117 1953 214 2007 iuriieat
229 1970 278 2008 neo
292 1954 374 2008 micas
392 1953 450 2007 auri
465 1951 568 2025 spernit
581 1968 648 2024 quae
670 1970 701 2007 ex
722 1969 801 2006 arena
821 1951 871 2006 ssu-

117 2037 195 2091 minis
211 2037 299 2092 limosi
315 2037 422 2111 possint
436 2035 550 2097 elaunri‚
569 2037 701 2091 ‹tutiiuoit
717 2036 780 2108 quin
797 2045 870 2091 reete

116 2121 262 2194 Lipsiensis
274 2139 422 2194 anonymus
435 2138 541 2176 uersum
554 2128 587 2180 58
599 2121 796 2194 transposuerit
807 2128 870 2175 ante

118 2223 142 2259 u.
162 2207 214 2263 40?
236 2224 396 2279 quamquain
411 2206 468 2262 eius
484 2223 578 2261 uersus
599 2206 758 2261 senteutiam
779 2206 868 2277 inepte

117 2291 241 2362 exposuit
264 2299 307 2346 ‘ut
330 2291 439 2346 umbrae
461 2290 587 2346 arborum
601 2299 740 2346 nascentes
757 2290 867 2346 florosa

116 2374 262 2429 ‹taieationo
279 2384 352 2431 tutos
369 2384 515 2449 praestent,
531 2384 561 2430 ut
578 2376 658 2432 [iores
677 2375 726 2430 suli
741 2375 867 2429 arborum

117 2458 278 2514 umiuuoulis
300 2460 351 2515 tuti
370 2477 490 2515 creseere
514 2461 640 2532 possint'.
683 2460 751 2528 Quin
776 2458 869 2532 potius

115 2544 260 2599 abiatiuum
276 2562 366 2599 casum
388 2546 546 2599 recentibus
558 2547 676 2616 floribus
694 2545 788 2617 iungas
809 2561 868 2599 euni

116 2631 240 2684 uirentes
256 2637 336 2701 atque
351 2630 465 2684 iimbrus
477 2631 602 2684 uirentes
618 2632 775 2685 recentibus
789 2631 868 2701 flori-

115 2715 166 2781 bus
181 2730 327 2786 componas
343 2731 403 2769 oum
418 2720 470 2773 u.6
493 2715 627 2785 Impticot
643 2731 726 2770 corcis
743 2717 868 2770 uirentes

115 2801 148 2854 de
160 2801 271 2870 (tripolio
288 2806 404 2872 myrteo.
427 2797 576 2855 Commune
588 2815 657 2853 uero
673 2797 833 2851 auserem
844 2799 896 2838 sss

108 2883 222 2941 induere
256 2903 356 2945 nemus
392 2887 511 2946 umbras
540 2885 646 2942 u'ie'uur
675 2877 881 2934 santumnium
904 2870 929 2899 Ἀ
