1964 3202
312 378 498 414 rnevremrru
510 378 629 414 venemo
651 380 653 384 ·
816 363 849 416 39

93 520 187 574 liorem
202 537 279 574 suum
293 523 377 576 unico
393 520 511 592 coniugi,
530 527 596 575 noto
612 520 670 576 sine
685 521 846 577 uerecundia

90 603 242 660 soluturam
258 622 317 660 esse
337 606 503 678 pronuntiat.

134 688 264 756 Quoniam
278 697 366 745 autem
385 690 417 744 ed
432 689 511 744 finem
523 688 602 744 huius
616 688 806 762 disputationis
820 698 849 744 et

91 773 176 829 totius
188 774 469 847 peruenimnslrymni,
478 790 531 847 quo
543 791 592 829 cnr
602 774 634 829 tle
646 773 758 828 lloribns
767 781 847 847 atque

90 858 161 914 rosis
173 866 214 912 tot
226 858 344 932 scriptor
355 858 437 913 uerba
446 856 649 914 leceritsacilius
658 865 846 930 cognoscatur,

91 943 190 998 festum
203 942 268 997 illud
285 938 458 1016 peruigilium
470 943 580 998 Veneris
591 942 683 1016 paucis
700 942 846 1005 absoluam,

90 1028 249 1100 pracsertim
262 1044 321 1082 cum
334 1027 496 1101 interpretes
506 1045 592 1109 prope
601 1027 848 1101 omueslonginqua

88 1129 121 1167 ac
140 1119 243 1167 remota
257 1112 369 1167 scrutati
383 1112 410 1166 id
427 1111 498 1184 quod
514 1112 667 1186 antepedes
682 1119 749 1175 erat,
768 1120 798 1168 ut
809 1111 847 1175 lit,

89 1196 330 1269 praetermiserint.
366 1195 416 1263 Qut
432 1194 483 1252 hoc
501 1197 612 1252 maxime
631 1197 720 1251 studio
736 1197 847 1260 incensi,

88 1289 120 1335 ut
140 1281 234 1336 urbem
256 1281 452 1354 inuestigarent
469 1281 495 1335 in
512 1298 565 1353 qua
579 1281 742 1337 celebratum
758 1282 848 1355 perui·

88 1364 186 1437 gilium
206 1373 292 1426 esset,
316 1365 372 1420 lere
390 1365 489 1421 lauisse
506 1364 617 1421 laterem
633 1365 768 1421 uidentur.
786 1365 847 1422 Sine

90 1449 197 1504 ratione
220 1449 421 1505 Werustlorlius
443 1458 530 1505 actum
546 1449 613 1506 illurl
635 1467 694 1505 esse
713 1450 847 1524 apopulo

90 1533 210 1589 llomano
225 1533 404 1590 tabernaculis
416 1535 512 1607 positis
529 1534 655 1590 ininsula
671 1534 794 1589 Tiberina
808 1534 848 1590 in·

91 1627 133 1673 ter
145 1619 238 1675 urbem
256 1628 283 1675 et
297 1619 398 1674 Ostiam
415 1619 465 1674 sita
479 1619 640 1692 opinabatur
649 1623 682 1675 ‘ct
694 1617 846 1680 Muellerus,

88 1703 136 1776 qui
154 1704 270 1760 incertas
287 1704 428 1777 opiniones
446 1703 521 1777 quasi
538 1704 607 1759 serie
620 1702 847 1776 colligansP.An·

88 1789 135 1844 nio
152 1788 241 1851 Floro,
257 1789 333 1845 cuius
348 1789 382 1845 (le
399 1788 517 1861 Vergilio
537 1796 645 1843 oratore
662 1805 696 1843 an
711 1795 791 1861 poeta
802 1787 847 1844 de·

85 1872 213 1928 clamatio
231 1891 317 1947 nuper
334 1874 444 1929 inuenta
458 1880 508 1934 est,
525 1890 539 1926 a
555 1872 698 1945 Spartiano
713 1872 848 1928 Charisio·

87 1974 141 2029 quc
159 1958 271 2014 traditos
283 1975 379 2013 uersus
395 1967 422 2013 et
435 1957 628 2031 epigrammata
639 1975 671 2012 ex
683 1955 847 2031 Salmasiano

88 2040 160 2097 libro
181 2041 347 2115 anthologiis
363 2042 464 2098 latinis
488 2041 606 2096 immixta
628 2049 655 2096 et
670 2040 846 2114 Peruigilium

90 2125 141 2182 lroc
157 2126 314 2200 adscripsit,
344 2126 537 2182 Tarraconensi
562 2126 704 2200 Hispaniae
724 2125 846 2202 coloniae

86 2210 251 2266 ‹lestinatnm
265 2229 280 2265 a
296 2211 377 2267 Floro
396 2211 447 2266 hoc
462 2228 557 2284 poema
573 2211 656 2266 tuisse
669 2210 720 2266 sibi
737 2227 847 2284 persua·
894 2199 898 2208 '

89 2303 162 2350 serat
179 2313 204 2368 p.
217 2301 258 2355 29.
296 2296 387 2369 Neque
405 2296 597 2350 lleidtmannus
613 2313 638 2368 p.
655 2303 687 2353 to
701 2311 757 2350 non
773 2294 845 2350 iusto

87 2379 267 2435 confidentius
289 2381 357 2437 banc
380 2379 539 2436 sententiam
562 2378 635 2434 tulit:
668 2379 709 2434 ‘in
732 2378 843 2452 stropha

89 2464 183 2537 quinta
199 2462 283 2537 Hybla
298 2473 351 2520 tam
369 2472 461 2538 aperte
477 2472 711 2525 commemoratur,
726 2470 756 2517 ut
769 2463 844 2537 prio-

89 2565 133 2605 res
161 2549 331 2621 interpretes·
351 2566 404 2621 quo
429 2557 507 2622 paeto
534 2549 595 2604 linic
618 2546 723 2604 Siciliae
745 2547 845 2620 oppido

75 2650 198 2689 carmen
229 2633 363 2704 denegare
394 2633 546 2707 potuerint,
580 2634 624 2688 uix
654 2631 843 2704 intelligatur'.

88 2717 230 2773 Nimirum
259 2735 283 2772 u.
299 2725 332 2776 nt
353 2718 441 2773 Iussit
456 2718 594 2788 Ilpblaeis
621 2718 746 2772 tribunal
766 2724 852 2795 store-

88 2805 157 2858 ‹It'uo
170 2804 291 2875 floribus
306 2820 363 2861 uou
379 2803 409 2860 in
419 2819 519 2878 campo
528 2797 879 2874 llublens'xesscxxxmw

81 2874 166 2944 bunal
182 2890 325 2950 indicatur
344 2888 450 2953 uerum
458 2858 911 2948 ttorttsusenruosmxxsffiw
