1964 3202
341 377 527 413 eunvmrnrvrr
540 377 658 412 verume
843 363 877 415 43

162 602 272 658 llediam
287 611 389 676 partem
405 603 537 675 poematis
555 604 591 658 ita
606 603 729 659 eoneludi
744 604 875 666 uidemus,

118 695 149 743 ut
166 688 286 743 erastino
302 688 345 743 die
361 686 531 761 splendorem
546 705 576 743 ao
592 687 815 760 magnificentiam
835 689 876 743 di·

118 772 175 828 uini
190 771 307 827 numinis
320 770 441 845 exemplo
457 772 676 827 manifestissimo
689 772 825 844 proditum
841 773 875 828 iri

118 857 259 912 indicetur.
293 855 444 937 llaeilisque
464 864 560 929 poetae
583 856 616 912 ab
642 864 760 922 extrema
782 857 874 930 hymni

117 941 243 1013 strophe,
271 941 348 996 euius
369 941 421 996 boe
442 940 547 995 initium
568 948 696 1014 posuerat
714 943 778 1011 ipsa
793 944 875 998 iussit

116 1041 198 1080 mone
226 1032 299 1080 totae
324 1027 451 1097 uirpines
478 1027 586 1080 nubant
606 1041 689 1080 rosoe
710 1026 745 1081 ad⁴
767 1026 874 1081 tertiarn

115 1117 220 1184 partem
235 1117 294 1164 erat
309 1127 388 1183 quarn
404 1109 580 1165 absimilibus
592 1110 683 1165 uerbis
703 1126 815 1165 exorsus
831 1118 874 1166 est

116 1197 181 1264 ipsa
194 1194 343 1265 Nymphas
358 1196 426 1249 diua
441 1196 504 1249 loeo
521 1196 603 1249 iussit
617 1198 660 1249 ire
675 1202 792 1266 myrteo.
823 1194 874 1249 Cu·

116 1279 157 1334 ius
173 1278 259 1352 prima
280 1286 307 1332 et
328 1279 408 1333 tertia
430 1279 542 1351 stropha
563 1278 682 1340 octonis,
711 1280 827 1335 secunda
846 1287 874 1335 et

115 1371 213 1435 quarta
232 1363 362 1418 duodenis
386 1362 511 1418 uersibus
526 1371 646 1424 constat,
669 1364 795 1434 quoniam
810 1381 873 1419 eum

115 1464 223 1502 uersum
239 1446 285 1519 qui
297 1455 337 1501 est
353 1454 394 1508 58,
411 1447 482 1501 inter
497 1453 531 1506 39
545 1456 572 1502 et
587 1457 621 1505 40
636 1456 708 1502 reete
723 1447 872 1504 collocasse

114 1532 279 1605 Lipsiensern
300 1531 431 1586 editorem
459 1548 541 1604 supra
566 1532 687 1587 diximus
720 1531 775 1587 Hoc
800 1533 871 1588 enim

114 1615 175 1671 loro
189 1614 376 1688 perturbatum
392 1615 489 1670 librum
510 1616 666 1688 primarium
683 1617 766 1671 luisse
782 1633 814 1672 eo
832 1617 872 1671 ui-

112 1700 193 1756 detur
208 1701 378 1773 comprobari
396 1700 468 1772 quod
486 1700 512 1754 in
528 1701 677 1756 Pitlroeano
691 1701 783 1756 codiee
799 1720 824 1756 u.
838 1710 873 1760 '40

114 1792 188 1840 totus
203 1787 287 1847 deest,
309 1786 360 1840 nisi
378 1802 498 1840 errorem
513 1785 584 1841 buno
601 1785 685 1841 mauis
701 1792 819 1842 statuere
837 1786 872 1841 si-

113 1869 262 1926 militudine
279 1870 396 1925 ineuntis
410 1869 594 1925 buiusuersus
612 1887 673 1924 curn
691 1876 722 1928 41
742 1879 871 1926 creatum.

113 1952 159 2009 Est
175 1963 263 2010 autem
279 1972 305 2008 u.
318 1961 352 2012 40
367 1955 405 2009 sie
426 1954 544 2026 scriptus
564 1954 591 2009 in
609 1954 786 2009 Salmasiano:
807 1958 871 2025 ipso

113 2040 190 2094 uellit
201 2054 321 2110 eropore
335 2039 360 2094 id
372 2046 414 2093 est
430 2040 513 2093 uellet
530 2046 555 2093 te
571 2054 682 2110 repere,
699 2041 725 2093 si
736 2041 870 2108 pudieam

110 2125 245 2193 flecteret,
262 2124 397 2196 quomodo
410 2123 461 2177 nisi
470 2139 511 2177 me
524 2123 612 2178 omnia
625 2122 722 2178 fallunt
736 2140 791 2177 non
806 2124 872 2179 seri·
950 2146 954 2154 ·

112 2207 168 2279 psit
183 2217 271 2279 poeta.
294 2207 369 2274 Quod
385 2214 415 2262 ut
430 2208 620 2273 demonstrem,
638 2207 730 2281 paucis
745 2207 777 2262 de
789 2225 870 2264 uersu

111 2290 255 2364 disputabo
276 2292 451 2365 subsequenti
471 2295 535 2362 ipso
557 2294 641 2347 uellet
657 2298 688 2347 ut
702 2294 829 2354 uenires,
846 2295 872 2348 si

112 2378 225 2431 deceret
240 2378 392 2448 uirpinem,
423 2394 501 2449 quem
519 2384 583 2450 post
598 2376 741 2432 Weitzium
758 2377 871 2433 Riuinus

114 2477 193 2533 quam
211 2459 278 2516 male
300 2461 494 2535 interpretatus
516 2462 550 2516 sit
569 2462 640 2535 ‘ipsa
657 2461 744 2517 Venus
761 2479 870 2534 quoque

112 2545 218 2600 llianam
234 2553 344 2618 cuperet
365 2546 458 2601 adesse
470 2546 581 2601 inuitam
600 2546 683 2602 saeris
703 2545 759 2601 suis
768 2546 780 2607 ’,
810 2563 870 2601 sen·

112 2631 256 2685 tentiarurn
274 2630 397 2685 ostendet
416 2630 491 2685 ordo.
528 2630 623 2686 Missae
638 2648 652 2686 a
668 2630 770 2686 Venere
786 2631 870 2703 uirgi-

112 2731 160 2770 nes
175 2724 254 2770 orant
273 2715 379 2769 llianam
401 2723 431 2769 ut
452 2715 568 2770 serarum
591 2714 728 2786 stragibus
744 2733 774 2768 se
789 2715 874 2766 unsu-

113 2809 173 2854 uent
188 2809 214 2854 et
228 2817 339 2856 nemore
365 2799 394 2857 in
416 2817 474 2876 quo
496 2799 696 2858 eeleluuturue
712 2789 938 2896 pernumium*

101 2883 158 2938 sint
171 2887 258 2943 cedat.
286 2887 363 2946 llanr.
383 2899 484 2947 autem
495 2886 689 2946 ntroo'nutnm
705 2891 768 2945 exus
779 2870 916 2918 osseum

106 2972 115 2991 .
