1964 3202
128 422 160 471 14
230 462 237 472 ,
344 438 531 473 nnnvrormvu
544 437 663 473 vnnnms

126 580 217 634 eedem
234 579 364 634 tiocohuin
386 578 520 641 adhibuit,
546 596 660 651 quorum
685 595 780 640 unum,
809 578 885 633 uelut

127 681 243 734 meque,
261 664 305 736 qui
323 664 481 724 mutnuerit,
498 663 605 719 officere
623 663 646 718 is
662 662 803 736 scriptoris
822 680 886 718 eon·
942 710 945 717 .

127 747 188 802 silio
203 748 350 803 credendus
365 757 414 804 est.
457 748 508 802 inm
526 764 588 803 vero
605 748 627 802 si
645 747 750 820 quidem
767 746 811 801 illa
827 747 885 820 ipso

126 832 209 887 uerbo
221 832 415 888 accommodari
425 833 552 888 metrieoe'
564 832 661 886 rationi
673 841 817 904 nequeunt.
830 849 886 887 non

127 915 226 972 factum
253 934 266 970 n
289 925 369 989 poeto
393 917 463 971 hune
486 934 545 972 esse
570 933 678 971 uersum
701 917 884 988 consequitur.

126 1001 235 1056 Accedit
254 1001 326 1072 quod
353 1001 486 1056 sententia
510 1018 589 1074 quam
602 1017 628 1054 u.
649 1007 683 1059 62
704 999 784 1056 hahet
805 1001 885 1056 etiem

127 1085 214 1139 otiose
236 1093 278 1139 est
291 1085 347 1141 ·hec
362 1085 437 1140 loco:
461 1086 585 1156 quoniam
602 1085 673 1140 enim
687 1084 811 1140 Aetheris
826 1102 884 1140 eum

127 1167 234 1224 Tellure
249 1168 358 1223 cennlrii
373 1186 426 1224 non
442 1168 472 1248 sit
489 1169 590 1224 mentio
607 1169 658 1224 nisi
673 1177 704 1224 ut
719 1169 779 1224 inde
796 1177 884 1224 notam

127 1252 257 1308 Venerem
278 1270 337 1308 esse
361 1253 487 1314 addetur,
517 1253 588 1324 qtrod
603 1252 795 1309 Heidtmannus
811 1272 837 1326 p.
852 1260 885 1312 52

127 1336 297 1398 obseruauit,
321 1354 483 1410 properasse
500 1345 607 1410 poetam
621 1346 829 1393 consentaneum
844 1346 886 1392 est

126 1421 157 1476 nii
174 1421 244 1476 hune
260 1421 348 1477 finem.
381 1423 470 1493 Atque
492 1429 600 1495 praeter
613 1421 742 1477 Venerem
764 1422 884 1495 reliquos

126 1522 218 1561 omnes
234 1508 306 1561 fetus
329 1507 439 1579 nuptius
456 1505 515 1560 illes
534 1523 594 1561 esse
610 1515 770 1562 censecutos
787 1524 819 1562 eo
836 1506 884 1561 mi·

125 1606 175 1644 nus
192 1593 314 1662 oportuit
338 1591 397 1645 eddi
419 1607 499 1645 uersu
516 1597 562 1652 62.
591 1591 663 1662 quod
684 1590 711 1644 in
728 1598 884 1646 transcursu

126 1672 212 1728 simile
229 1682 306 1729 unten
322 1675 374 1729 iem
390 1673 590 1747 signifieeuerot
607 1692 633 1729 u.
648 1680 690 1732 60.
708 1674 800 1746 ltaque
815 1681 883 1734 um

125 1757 257 1814 concludo
270 1759 362 1814 deheri
379 1758 594 1832 interpolationi,
613 1758 689 1813 euius
700 1776 792 1813 caussa
810 1758 883 1814 facil-

125 1841 186 1897 limo
202 1843 337 1916 explicatu
351 1852 400 1898 est.
419 1843 483 1898 Cum
498 1844 568 1898 enim
576 1841 676 1915 Vergili
689 1842 733 1897 ille
747 1843 882 1898 decadem

125 1927 214 1982 subulo
231 1928 314 1983 uerhn
330 1929 357 1982 in
371 1928 492 2001 margine
507 1928 608 2000 scripte
623 1935 713 1982 essent
727 1944 883 1999 comparan-

124 2012 156 2066 do
174 2012 204 2066 nri
221 2011 361 2085 Peruigilii
377 2030 403 2067 u.
421 2020 468 2074 60,
483 2013 508 2066 in
525 2012 682 2068 continuum
699 2011 824 2067 carminis
840 2030 883 2067 or·

123 2097 212 2151 dinem
231 2097 267 2151 ita
283 2096 408 2152 librarius
432 2114 461 2152 ea
480 2096 607 2158 auscium,
633 2105 663 2151 ut
682 2105 809 2169 quantum
825 2095 883 2150 fieri

123 2189 244 2253 poterat,
263 2181 452 2254 redigerentur
474 2181 505 2236 nd
523 2171 782 2253 trochaeos:'quele
801 2180 883 2235 artifi-

124 2265 194 2320 cium
210 2274 318 2338 preeter
337 2265 405 2321 elios
430 2265 541 2321 maxime
564 2265 695 2320 Plautinis
717 2264 816 2319 sabulis
839 2267 883 2322 ed·

124 2349 238 2404 hibitum
251 2368 310 2405 esse
323 2358 437 2405 constat.
458 2349 526 2416 Quin
543 2350 623 2404 etium
642 2349 787 2421 uestigium
803 2349 882 2405 istius

125 2433 344 2506 interpolationis
360 2433 410 2489 hoc
426 2433 490 2488 mihi
507 2431 598 2488 uide're
617 2433 725 2495 uideor,
754 2435 825 2506 quoii
841 2435 883 2488 Pi-

125 2519 257 2573 theenmis
272 2518 341 2573 liber
355 2535 408 2572 nen
432 2518 507 2572 Vnde
526 2517 573 2572 sed
597 2517 631 2572 Vt
648 2518 762 2580 exhibet,
777 2526 808 2572 nt
823 2535 882 2573 uer-

125 2619 170 2656 sus
184 2603 279 2657 enodat
295 2612 405 2658 externo
421 2601 509 2674 specie
526 2601 678 2657 simillimus
696 2603 785 2657 uersui
802 2602 883 2662 6th

120 2693 208 2755 peter
223 2689 292 2752 totis
302 2693 416 2741 crearet
426 2688 505 2740 ueris
517 2704 623 2741 annum
638 2688 765 2742 rentibus.
782 2685 881 2758 Nempe

124 2770 233 2842 egregie
241 2769 426 2843 fallunturqui
440 2771 585 2825 secundum
595 2770 786 2826 Salmasiunum
795 2786 881 2824 exem-

112 2853 183 2920 plar
195 2855 339 2927 ediderunt
356 2857 468 2910 creauit
489 2871 543 2910 non
564 2855 654 2910 habita
669 2854 800 2928 mythieae
816 2855 881 2908 imo·

91 2931 175 2993 gi'm's
195 2928 322 3000 ratione,
357 2941 491 3014 quioniam
508 2940 612 2998 Aether
633 2957 690 2997 non
710 2937 792 2994 sitnm
804 2947 887 3008 stoue
