1964 3202
302 372 488 408 rnnvrcmmn
500 373 620 408 nennius
807 357 840 406 41

83 518 111 572 in
131 516 153 570 X
173 515 428 588 metamorphoseon
454 513 523 569 lihro
549 514 665 569 narratis
687 513 846 569 adsimilaus·

83 617 267 675 praepropero
283 599 381 654 iudicio
393 598 480 672 pridie
492 598 565 654 ueris
581 599 646 654 noui
661 599 731 654 hunc
744 598 771 652 in
783 615 840 654 mo·

83 686 146 741 dum
170 685 333 741 celebratum
362 681 421 738 es'se
441 683 550 746 statuit,
576 691 607 737 ut
625 683 750 744 Veneris,
773 700 843 755 quae

84 778 219 842 tamquam
240 769 289 823 dea
305 767 494 841 potentissima
509 767 660 830 coleretur,
685 767 765 823 etiam
780 785 844 841 per·

84 872 149 910 sona
171 854 198 908 in
222 869 344 908 scaenam
366 852 489 926 prodiret
506 869 567 907 cum
581 853 665 908 choro
683 851 842 926 Cupidinum
928 874 930 878 ⁴

84 939 289 1010 Gratiarumque
311 937 449 992 saltatura.
482 935 538 1003 Qua
560 953 590 992 re
612 935 741 991 inlusum
759 937 844 991 dedu-

81 1032 144 1080 ctus
162 1023 227 1078 satis
246 1012 387 1078 ridiculum
403 1028 458 1095 est,
483 1029 512 1075 ut
526 1021 652 1094 strophas
666 1020 792 1076 carminis
814 1021 843 1076 in

84 1109 150 1163 duas
172 1114 308 1168 cateruas,
334 1105 493 1179 Cupidinum
511 1103 555 1160 nel
578 1105 705 1165 iuuenum
722 1104 843 1166 alteram,

85 1192 197 1248 alteram
224 1190 376 1246 Gratiarum
405 1189 449 1245 uel
476 1190 613 1262 uirginum
636 1189 842 1262 dispertiretur:

33 1296 34 1299 ¹
85 1277 191 1350 qualem
211 1275 365 1348 opinionem
388 1292 421 1330 ne
442 1273 587 1329 Muellerus
605 1275 711 1346 quidem
731 1273 782 1328 sihi
799 1292 846 1330 ex·

85 1361 169 1418 cussit
182 1359 318 1421 radicitus,
330 1376 390 1414 nam
403 1359 475 1432 quod
487 1375 595 1414 carmen
607 1359 658 1414 hoc
672 1359 743 1414 inter
754 1376 845 1414 amoe-

34 1470 37 1474 ·
84 1446 150 1501 haea
165 1462 223 1501 esse
245 1444 415 1519 referendum
430 1460 456 1516 p.
473 1451 504 1503 31
523 1443 667 1517 praecipit,
689 1451 736 1498 aut
754 1459 844 1498 amoe-

85 1530 180 1585 haeum
195 1528 361 1602 nuncupauit
378 1527 720 1601 insolenter-quodcunque
736 1544 843 1583 carmen

85 1612 258 1670 intercalares
276 1630 371 1669 uersus
393 1612 475 1668 hahet
497 1619 542 1667 aut
563 1610 688 1667 similiter
709 1612 846 1685 composi·

88 1709 142 1755 tum
164 1717 179 1754 a
201 1698 343 1754 Theocrito
367 1696 505 1770 Thyrsidis
525 1696 558 1752 de
580 1696 715 1770 Daphnide
735 1705 843 1752 cantum
916 1745 922 1756 ,

86 1800 140 1839 non
155 1784 321 1840 meminerat.
338 1783 519 1854 Omninoque,¹
529 1790 560 1836 ut
575 1782 602 1836 iu
619 1790 776 1837 transcursu
792 1782 845 1836 hoc

86 1869 187 1931 addam,
209 1876 312 1923 tautum
328 1867 404 1922 abest
419 1874 450 1921 nt
468 1866 608 1940 popularis
623 1866 766 1938 aliquando
782 1883 845 1922 can·

86 1952 168 2008 tileua
190 1955 289 2009 lactum
305 1952 341 2007 sit
354 1960 385 2005 ut
399 1968 433 2005 ne
448 1950 530 2006 semel
541 1951 648 2023 quidem
664 1951 765 2005 cantari
780 1951 846 2006 Per·

87 2037 209 2110 uigilium
235 2055 249 2092 a
274 2036 358 2091 choro
384 2034 519 2108 potuerit,
551 2035 651 2108 quippe
672 2036 744 2107 quod
763 2036 844 2090 unius
907 2084 909 2089 ι

86 2130 182 2196 poetae
203 2121 339 2196 propriam
363 2128 485 2174 naturam
507 2119 698 2192 ingeniumque
715 2128 846 2191 sequatur

88 2225 113 2261 u.
130 2213 163 2266 89
178 2224 234 2279 eqs.
265 2206 320 2260 Nos
336 2205 420 2277 igitur
441 2204 524 2260 totins
537 2204 663 2260 carminis
680 2204 785 2259 ratione
798 2205 845 2259 ha-

88 2291 143 2345 hita
159 2291 274 2364 primum
289 2290 341 2344 hoc
365 2296 498 2350 tenemus,
528 2289 601 2361 quod
623 2297 766 2362 postquam
786 2289 845 2363 ipse

90 2375 195 2436 inueni,
212 2393 226 2430 a
243 2374 337 2429 (lrusio
354 2373 418 2428 olim
431 2373 605 2428 obseruatum
623 2372 691 2435 uidi,
713 2374 844 2429 Venerem

87 2460 164 2516 citius
181 2459 311 2515 sollemne
325 2475 339 2513 a
357 2466 437 2531 poeta
451 2458 577 2513 indicitur
588 2475 648 2513 esse
663 2458 845 2522 Genetricem;

88 2561 229 2618 perperam
257 2551 345 2598 antem
373 2541 417 2597 ille
438 2543 470 2597 ad
496 2542 574 2597 ludos
593 2543 689 2597 Veneri
710 2543 844 2598 Genetrici

87 2629 120 2685 ab
141 2631 264 2701 Augusto
282 2627 423 2682 institutos
452 2644 547 2699 poema
572 2627 735 2700 pertinuisse
762 2628 845 2690 addit,

89 2715 150 2786 qnia
168 2714 262 2768 codem
277 2711 321 2766 uel
336 2711 427 2784 potius
443 2711 537 2766 maiori
555 2712 613 2767 iure
627 2713 728 2767 referre
747 2729 843 2782 possu-

88 2817 147 2854 mus
169 2799 201 2853 ad
218 2797 328 2852 eandem
342 2797 420 2852 deam
438 2795 472 2853 ah
490 2796 635 2853 lladr'iano
651 2788 874 2849 hedenham&

78 2882 196 2938 Prelleri
209 2882 327 2958 mythol.
343 2884 466 2962 llump.
482 2880 630 2954 hhlnssh·
651 2878 736 2932 lxm
747 2861 905 2921 *mm
