1964 3202
165 181 198 230 40
384 196 570 230 PERVIGILIVM
583 196 701 230 VENERIS
785 246 787 249 ι

167 337 255 400 sibus,
280 338 355 393 cuius
379 337 492 410 epitheti
508 355 628 392 caussam
645 345 718 393 recte
733 336 878 393 Muellerus
894 357 923 412 p.

167 431 201 483 30
215 424 275 478 inde
291 421 450 483 enucleauit,
468 423 539 495 quod
557 421 662 477 Siciliae
676 419 720 476 illa
737 422 813 494 regio
824 421 923 478 llorum

167 506 276 581 eoplosa
296 506 428 561 uarietate
444 514 473 561 et
490 506 671 580 pulcritudine
686 505 841 563 excellebat.
871 507 925 563 Ne·

168 609 219 665 que
236 591 321 663 magis
339 591 434 645 mirum
453 591 523 663 quod
545 599 608 664 post
623 590 698 646 illum
714 608 823 646 uersum
845 609 871 647 u.
888 601 920 651 51

168 677 218 750 iam
235 677 320 749 ipsam
341 683 422 748 poeta
436 674 546 748 Hyblam
567 674 696 748 adpellat‚
716 684 746 730 ut
769 683 842 732 totos
862 676 924 731 luu-

167 762 212 816 dat
231 760 312 816 llores
325 760 371 833 qui
388 760 419 815 ad
436 760 616 815 exornandum
634 759 775 815 sublimem
794 761 923 816 thronum

166 846 361 901 conuehantur.
388 844 560 917 Relinquitur
579 844 664 916 igitur
679 862 750 900 unus
767 863 793 900 u.
810 851 843 904 52
860 846 923 916 Hy·

167 932 225 997 blo,
241 932 345 1001 florum
357 944 435 984 stante
447 935 566 991 uectem,
583 938 707 999 quantus
722 932 829 984 Aetnae
846 947 924 984 cam-

162 1030 221 1086 pua
235 1011 299 1075 est,¹
313 1014 359 1085 qui
375 1014 397 1068 si
417 1014 454 1068 ita
472 1014 586 1069 traditus
605 1021 675 1068 esset
694 1031 708 1068 a
724 1012 814 1077 libris,
831 1007 925 1071 Heidt-

166 1099 256 1154 manni
285 1098 311 1152 in
336 1097 496 1153 sententiam
521 1098 668 1154 concedere
696 1099 741 1153 uix
761 1098 922 1154 dubitarem.

166 1185 201 1238 At
228 1181 355 1238 Crusiana
371 1183 448 1251 baec
484 1182 638 1238 coniectura
670 1200 758 1256 neque
792 1182 922 1238 obscurae

167 1268 309 1340 utriusque
333 1267 432 1322 codicis
453 1269 598 1322 memoriae
615 1267 679 1322 satis
697 1268 759 1322 lacit
775 1285 825 1323 nec
839 1268 924 1322 maio·

167 1369 223 1408 rem
239 1351 272 1407 ab
288 1351 437 1407 sententiae
451 1349 585 1423 elegantia
599 1352 858 1408 commendationem
875 1353 922 1407 ha·

166 1437 212 1493 bet
227 1454 305 1510 quam
320 1436 465 1501 Pithoeana
484 1452 584 1506 rumpe
601 1443 693 1491 uestes
709 1454 722 1491 a
738 1437 829 1509 Lipsio
841 1446 923 1505 etre-

141 1521 245 1594 ·liquis
273 1528 374 1576 mutata
399 1520 426 1575 in
451 1520 570 1576 deterius
591 1528 819 1590 rumpeuestem.
851 1520 924 1587 Quo·

163 1606 235 1662 circa
261 1605 306 1662 ille
333 1622 429 1660 uersus
455 1605 544 1676 quoad
571 1623 625 1661 non
653 1623 712 1661 cum
731 1604 923 1678 probabilitate

166 1690 321 1746 emendatus
337 1697 392 1750 est,
415 1687 576 1762 Hyblenscm
588 1690 724 1764 poematis
739 1690 819 1746 liuius
838 1690 923 1762 origi-

166 1792 226 1853 nem
246 1774 394 1847 probaturo
417 1772 494 1829 ualde
520 1773 653 1829 infirmum
674 1775 726 1830 erit
747 1775 921 1848 praesidium.

162 1859 199 1915 lle
214 1859 313 1933 oppido
328 1876 394 1931 ergo
410 1857 477 1913 nihil
493 1869 660 1932 compertum
677 1859 818 1915 babemus:
834 1860 866 1914 de
882 1859 924 1913 in-

166 1944 263 1999 stituto
279 1961 345 1999 uero
363 1942 435 1998 illius
451 1943 597 2017 peruigilii,
613 1943 676 1998 licet
692 1944 766 2017 ipsos
785 1944 841 1999 dies
857 1943 922 1999 dela-

166 2029 224 2083 nire
243 2046 381 2101 nequeam,
405 2028 506 2083 certius
522 2035 611 2083 tamen
627 2027 765 2101 aliquanto
779 2046 857 2101 quarn
875 2028 921 2083 alii

166 2112 231 2167 mibi
247 2114 353 2168 el'licore
370 2112 464 2167 uideor
479 2129 510 2166 cx
524 2113 640 2167 carmine
657 2131 747 2186 posse.
764 2113 837 2168 luter
851 2130 922 2185 quos

166 2197 367 2252 Werusdorlius
383 2214 432 2251 suo
447 2195 579 2251 arbitratu
592 2206 680 2251 actum
698 2198 720 2252 id
732 2197 819 2253 tribus
834 2199 922 2254 nocti·

167 2281 216 2336 bus
230 2299 288 2337 esse
305 2281 379 2336 finxit
395 2280 540 2336 akalendis
555 2281 701 2354 Aprilibus,
721 2282 819 2354 quibus
831 2290 921 2355 myrto

165 2375 309 2421 coronatae
332 2366 444 2420 leminae
460 2382 534 2419 sacra
551 2365 648 2420 Veneri
664 2366 759 2421 lecisse
778 2367 922 2422 tunduntur

166 2448 209 2521 (cl.
231 2451 339 2506 llccbari
359 2450 442 2523 antiq.
459 2450 534 2504 Ronr.
559 2449 591 2503 lV
605 2469 631 2522 p.
650 2449 710 2522 448)
728 2452 759 2505 ad
780 2451 818 2504 lll.
836 2468 921 2506 nonas

164 2534 278 2607 Apriles.
310 2535 400 2606 Neque
412 2534 499 2589 minus
514 2533 681 2589 Heidtmanni
698 2537 831 2590 sententia
846 2535 923 2591 uide·

159 2626 210 2669 tur
226 2619 429 2681 commenticia,
458 2619 502 2693 qui
522 2637 547 2692 p.
567 2626 597 2678 16
621 2620 673 2674 hoc
696 2619 868 2692 peruigilium
890 2628 922 2674 ut

133 2693 296 2763 ldrblaeum
318 2703 536 2764 Corinthiorum
557 2705 735 2781 Aphrodisiis
749 2704 784 2758 ab
800 2702 933 2774 Appxue'm
