1964 3202
280 432 284 440 ¹
333 394 518 429 rnavlernrvu
531 395 648 430 asuerus
835 380 866 428 21

116 534 233 590 declarat
255 536 364 590 ‘Passer
380 544 503 591 mortuus
526 544 567 592 est
582 553 655 591 meae
672 537 788 610 patellae,
804 537 867 590 Pas·
890 528 909 599 ,¹

114 637 159 676 ser
176 619 284 676 deliciae
300 638 373 675 meae
387 620 491 693 puellae
500 621 514 674 '.
534 621 624 694 ltaque
642 639 701 676 cum
716 621 748 676 ab
766 638 797 676 ee
815 621 869 675 dis·

114 705 229 761 cesseris
251 705 324 777 quod
344 705 455 765 maritos
480 705 578 761 imbres
594 706 739 761 abhorrere
763 705 795 760 ab
817 706 868 760 huc

114 789 175 845 lece
200 789 288 851 elleci,
315 807 363 862 per
385 807 413 844 se
434 789 501 844 nibil
523 789 602 845 babet
628 808 676 845 cur
701 790 869 863 improbetur

115 891 195 930 uersu
215 883 243 932 ll
262 874 374 928 iteratus
393 875 480 946 quarti
496 891 592 930 uersus
608 875 694 930 exitus
711 877 744 930 de
760 876 870 928 maritis

114 960 258 1014 imbribus
282 961 315 1012 at
331 966 425 1013 contra
441 961 560 1014 marinis
575 960 597 1013 si
613 959 766 1032 scripsisset
780 965 868 1032 poeta,

115 1060 170 1100 nau
187 1043 267 1097 modo
285 1060 339 1097 non
360 1043 463 1098 laudem
481 1043 624 1100 meruisset
645 1044 690 1099 sed
709 1061 742 1099 ne
756 1044 870 1098 uitasset

116 1127 224 1200 quidem
239 1127 352 1200 culpam.
369 1128 498 1194 Quoniam
515 1128 584 1183 enim
598 1127 730 1184 clausulae
744 1144 870 1183 uersuum

114 1222 132 1270 4
148 1221 175 1267 et
192 1220 219 1269 ll
238 1213 380 1267 senteutiis
396 1213 505 1267 omnino
521 1213 663 1268 dissimiles
676 1230 730 1268 non
742 1213 870 1268 interiore

115 1296 279 1368 colligantur
294 1297 491 1352 necessitudine
507 1314 574 1370 <puae
589 1298 722 1370 praesidio
744 1299 779 1352 sit
798 1305 871 1352 exte·

118 1382 183 1436 riori
201 1381 400 1443 consonantiae,
419 1381 571 1437 litterarum
588 1391 615 1437 et
632 1382 736 1437 sonitus
753 1382 817 1437 baec
835 1380 871 1436 si·

116 1465 240 1520 militudo
258 1468 292 1520 de
310 1468 420 1521 matralia
434 1468 570 1522 imbribus
590 1475 617 1521 et
637 1469 670 1522 de
685 1469 805 1521 murinis
820 1469 870 1520 im·

116 1551 213 1606 briam
228 1550 387 1622 assignanda
409 1560 454 1606 aut
473 1551 658 1623 neglegentiae
675 1551 815 1624 scriptoris
830 1550 871 1605 lu·
929 1589 931 1592 -

116 1644 166 1696 ret,
186 1637 231 1707 qui
248 1652 301 1690 nen
319 1637 545 1708 cannueminisset
560 1637 617 1691 eius
634 1637 686 1697 rei,
702 1645 749 1690 aut
763 1634 870 1690 insulsi·

117 1721 179 1782 tati,
207 1720 251 1792 qui
279 1721 329 1775 sibi
352 1728 441 1776 artum
462 1722 526 1776 deae
547 1721 710 1793 praedicanti
732 1718 870 1792 magnifice

116 1814 196 1877 atque
211 1804 281 1859 elate
296 1806 365 1860 idem
378 1805 458 1860 licere
475 1813 582 1878 putaret
599 1806 669 1877 quod
685 1806 811 1860 Laeuium
826 1804 871 1858 dc-

115 1897 208 1944 cuerat
230 1889 256 1944 iu
280 1890 432 1962 nugatoriis
454 1890 654 1962 epigrammatis
670 1890 708 1945 sic
723 1890 869 1944 iocantem:

117 1975 182 2028 ‘Lex
200 1973 281 2028 Licini
299 1974 502 2035 introducitur,
525 1975 580 2028 Lux
597 1973 696 2046 liquida
711 1974 796 2029 baeda
813 1973 871 2028 red·
888 1967 894 1978 ’

117 2057 205 2113 ditur'.
238 2056 393 2131 Quicunque
416 2075 482 2114 uere
502 2058 676 2114 artificiosum
703 2058 870 2131 politumque

118 2142 168 2196 boc
182 2159 288 2197 carmen
307 2143 462 2216 perlegerit,
480 2143 603 2215 prolecto
620 2144 642 2197 is
657 2142 822 2198 dissuadebit
837 2158 871 2196 ne

117 2235 269 2299 suspectum
291 2236 398 2301 poetam
422 2227 566 2282 habeamus
585 2237 631 2283 aut
650 2228 682 2283 de
702 2227 871 2299 neglegentia

118 2318 164 2364 aut
177 2310 209 2365 de
225 2311 376 2368 istiusmodi
392 2312 560 2367 insulsitate:
578 2313 658 2367 innuo
675 2312 766 2385 patius
783 2311 870 2365 lliuini

118 2396 256 2450 inuentum
278 2397 372 2452 inutile
394 2414 450 2452 eu.
469 2405 499 2454 ll
523 2396 619 2452 deiciet
640 2397 666 2451 in
688 2403 791 2451 uastam
809 2395 872 2450 luti·

116 2480 450 2536 lium'commentariarum
466 2482 629 2553 congeriem,
646 2498 759 2553 (pirorum
777 2479 820 2534 ille
834 2486 871 2534 te-

115 2565 207 2620 nebris
223 2564 321 2630 lumina
338 2566 422 2638 ipsius
438 2566 563 2621 carminis
584 2565 746 2620 abscurauit.
774 2564 824 2618 Sed
842 2571 872 2618 ut

115 2650 147 2704 ad
163 2649 240 2704 briem
260 2649 338 2703 liuius
356 2650 570 2705 ratiocinationis
592 2650 794 2722 perueniamus:
817 2665 871 2703 neu

115 2734 182 2788 dixit
207 2743 285 2806 plecta
301 2737 335 2790 da
353 2737 464 2789 maritis
485 2735 525 2789 iel
540 2736 574 2789 dc
593 2737 712 2789 anserinis
728 2735 875 2787 imbribus

113 2835 202 2890 neque
222 2829 352 2895 corrupta
374 2819 444 2878 baec
460 2819 580 2878 alterius
600 2811 919 2916 scripturaesesmm‘r

101 2911 181 2965 sunt,
214 2923 313 2966 uerum
346 2919 408 2970 teta
438 2909 489 2969 illa
506 2906 604 2966 acerba
618 2899 771 2959 turmas
788 2907 809 2941 e
826 2881 936 2944 epam
