1964 3202
305 480 492 517 annviorrnvn
504 482 623 517 vnnmus
808 467 842 519 49

86 623 126 678 eis
153 623 319 696 temporibus
341 622 469 679 abhorret
493 622 590 695 quihus
614 624 718 678 inuecta
743 624 776 678 ali
798 643 842 680 ex·

88 707 154 762 teris
175 706 301 779 gentibus
315 708 427 780 mystica
442 725 517 764 sacra
536 725 585 780 per
605 703 697 763 omnes
719 709 774 764 lere
794 709 842 764 im·

87 791 156 864 perii
172 791 284 846 Romani
298 791 452 864 prouincias
468 791 657 848 increbuerant
673 792 841 866 maximeque

86 875 209 931 diuersae
231 874 378 948 religiones
398 876 640 949 permiscebantur,
668 893 757 950 neque
778 877 842 932 arti·

87 959 178 1019 siciosa
204 960 330 1015 carminis
354 961 516 1040 compositio
542 968 570 1015 et
593 961 725 1016 orationis
752 962 842 1019 cultus

86 1060 142 1099 non
156 1043 226 1100 cadit
239 1045 266 1098 in
281 1044 402 1100 eruditos
419 1053 513 1118 poetas
528 1044 662 1102 Romanos
678 1046 724 1119 qui
734 1046 843 1102 circiter

86 1129 284 1184 Antoninorum
304 1136 391 1184 aetate
407 1128 569 1191 lloruerunt,
595 1147 645 1186 nec
662 1129 763 1203 singuli
781 1147 843 1186 uer·

85 1231 133 1268 sus
150 1213 278 1268 Graecum
300 1213 419 1287 produnt
433 1212 575 1286 exemplar.
602 1215 712 1270 Frustra
731 1215 842 1271 Werns·

86 1296 187 1353 dorsius
203 1297 356 1370 composuit
373 1315 432 1353 eum
448 1314 530 1353 uersu
544 1304 578 1358 89
592 1298 718 1371 Meleagri
733 1315 841 1354 uersum

86 1383 159 1437 hunc
170 1379 233 1449 πῶς
246 1370 282 1436 οὐ
292 1369 347 1454 χρὴ
359 1375 410 1436 καὶ
421 1369 524 1436 ἀοιδὸν
539 1375 570 1436 ἐν
582 1377 659 1454 εἴαρι
675 1372 767 1438 καλὸν
782 1371 842 1438 aiei-

87 1479 151 1529 σοις
173 1474 200 1521 et
221 1466 365 1522 Muellerus
388 1485 414 1540 p.
433 1473 467 1526 26
489 1466 534 1521 uni
549 1467 763 1523 Wernsdorsinm
784 1485 842 1524 eam

87 1550 123 1606 oli
135 1568 256 1605 caussam
270 1551 436 1624 uituperauit
448 1551 616 1625 ineptissime
631 1552 664 1607 ad
675 1552 789 1608 uerbum
804 1553 843 1608 el·

87 1634 165 1690 fictos
179 1652 276 1690 uersus
292 1643 326 1694 53
344 1644 371 1691 ct
389 1642 423 1693 at
441 1635 506 1691 dicit
522 1653 553 1690 ex
572 1635 663 1708 hymni
685 1637 774 1709 quarti
789 1637 843 1692 llo·

86 1719 178 1774 marici
192 1719 234 1774 his
250 1720 374 1775 uersibus
388 1709 408 1791 ἢ
429 1738 472 1786 τις
489 1711 662 1792 Νυμφάων,
676 1709 736 1775 αἴτ’
756 1708 843 1775 ἄλσεα

72 1792 161 1858 ’καλοὶ
183 1796 319 1877 νέμονται
339 1797 389 1859 καὶ
413 1793 509 1878 πηγὰς
528 1801 669 1877 ποταμῶν
690 1799 741 1859 καὶ
757 1802 843 1860 πίσεα

84 1877 225 1961 ποιήεντα
240 1889 419 1962 Proclnmque
437 1889 528 1944 uersui
547 1896 581 1949 63
596 1891 736 1946 contendit
750 1891 782 1946 de
794 1890 843 1946 Ve-

85 1992 150 2030 nere
172 1974 210 2030 sic
230 1982 367 2030 canentem
391 2003 427 2014 -
449 1968 542 2047 μέγαν
565 1959 694 2049 οὐρανὸν
716 1969 792 2030 ἔνθα
811 1970 843 2030 σε’

86 2071 179 2130 φασιν
202 2045 304 2130 ψυχὴν
323 2044 433 2113 αἰενάου
452 2051 577 2131 πέμπειν
593 2048 713 2130 κόσμοιο
731 2055 840 2131 θεείην.

86 2141 136 2209 oui
146 2143 168 2198 si
182 2143 347 2198 meminisset
358 2143 547 2198 Terentianum
559 2142 625 2199 illud
642 2144 770 2216 ‘denique
783 2144 843 2220 nul·

85 2224 169 2282 lumst
186 2227 236 2281 iam
248 2227 347 2282 dictum
359 2228 430 2300 quod
446 2227 616 2282 nondictum
632 2231 667 2282 sit
682 2228 772 2301 prius'
789 2246 843 2284 non

85 2310 222 2366 dubitaret
245 2312 310 2384 quin
334 2329 366 2366 ex
385 2312 464 2367 liuius
487 2313 570 2385 ipsius
593 2320 688 2385 poetae
706 2313 794 2368 animo
815 2322 843 2369 et

86 2402 174 2450 mente
188 2397 310 2468 prolecta
326 2397 390 2451 liaeo
406 2397 494 2452 omnia
506 2397 569 2452 sint.
586 2397 678 2469 Neque
687 2396 843 2454 Paldamum

86 2479 253 2555 morabimur
271 2481 348 2536 ouius
366 2480 557 2536 lleidtmannus
579 2499 604 2554 p.
626 2489 655 2538 ll
674 2482 739 2537 haec
759 2483 842 2538 uerba

86 2563 230 2636 descripsit
255 2565 358 2620 ‘nescio
381 2564 481 2637 (etiam)
507 2583 541 2621 an
563 2565 688 2621 Graecam
709 2566 842 2639 originem

86 2647 152 2703 illud
170 2648 267 2704 indicet
282 2648 392 2704 Veneris
406 2666 556 2722 cognomen
574 2649 679 2717 Dione,
700 2669 714 2705 a
728 2650 841 2706 solemni

84 2742 166 2790 cantu
183 2733 362 2788 Romanorum
381 2751 444 2789 sane
459 2733 589 2796 alienum,
605 2734 668 2789 lieet
683 2735 715 2790 ab
730 2735 843 2792 Horatio

86 2818 182 2873 Ouidio
198 2816 257 2873 aliis
279 2835 472 2892 saepenumero
495 2826 668 2891 usurpatum,
693 2820 841 2875 anicheti·

84 2904 141 2958 don
156 2920 210 2959 uox
225 2920 250 2957 u.
269 2909 304 2963 90
318 2911 345 2958 et
367 2903 513 2978 productio
533 2902 728 2975 panudium
740 2902 784 2949 'xo
796 2900 864 2944 ns-

80 2989 193 3046 muleas
206 3007 232 3046 u.
247 2995 282 3053 72
295 3008 331 3049 ex
343 2989 451 3050 Graeco
463 2990 594 3047 tortasse
605 2981 705 3038 ussus
714 2983 791 3026 ussa
802 2975 897 3014 mxxx-

743 3073 770 3120 k
