1964 3202
120 166 151 215 lt}
337 182 521 219 rnnvrnrnrvn
534 183 652 216 vesnnrs

118 323 246 378 diuellere
273 342 298 396 p.
315 330 348 382 25
371 330 412 377 est
433 324 464 378 ad
480 323 552 379 non
571 324 735 397 epigramma
757 325 789 380 de
804 325 889 396 uino¹
909 365 911 370 ,

116 409 231 464 <licentis
248 408 451 478 Cotiditumque
460 408 512 479 sue
528 416 678 476 uetustum,
694 426 728 465 ne
740 412 872 481 metiente

118 496 230 548 mentitis
251 494 391 562 Asperum
414 495 500 547 ducet
521 509 661 564 superem.
694 497 727 548 At
753 495 824 568 quod
840 512 872 551 es

117 577 292 632 similitudine
309 577 387 632 huius
400 594 464 632 usus
477 577 642 651 aliarumque
658 596 748 635 rerum
763 578 872 635 Muelle-

118 680 164 717 rus
182 679 276 717 rursus
294 661 407 717 eundem
423 660 531 718 Florum
547 663 686 736 scripsisse
697 664 873 737 peruigilium

116 746 238 820 collegit,
255 765 303 802 sub
319 746 504 819 unusquisque
516 747 647 801 arbitratu
663 757 708 804 aut
723 750 815 804 eredat
827 759 873 804 unt

118 841 212 904 neget:
236 832 390 904 opinionum
404 832 589 886 tantummode
608 833 713 887 nemine
729 832 795 889 tales
809 851 873 889 eon·

114 917 235 972 iecturae
247 917 342 987 dignae
358 923 428 975 sunt,
445 915 541 986 quibus
553 932 601 970 nee
615 915 808 987 redarguendis
823 934 872 972 nec

115 1000 331 1055 demonstrandis
349 998 442 1054 idonea
455 998 532 1053 nobis
544 999 702 1054 documenta
718 1008 869 1070 suppetant.

159 1086 197 1139 Ad
221 1084 331 1139 alterurn
352 1083 489 1155 stropham
511 1089 643 1138 reuertur.
673 1080 753 1136 Cuius
768 1082 870 1153 primus

118 1186 213 1224 uersus
233 1169 259 1223 in
282 1166 445 1222 Selinusiam>
463 1165 678 1237 editionibusque
700 1166 738 1220 sie
754 1164 869 1237 legitur:

118 1253 192 1309 Cres
202 1255 264 1319 erit,
281 1269 347 1323 quo
360 1254 471 1322 primus
478 1251 583 1306 Aether
590 1246 735 1320 copuleuit
746 1252 869 1320 nuptias.

117 1338 243 1409 Idemque
255 1353 309 1408 quo
318 1335 478 1392 uocabulum
491 1335 800 1409 restituendumLipsius
813 1351 871 1390 esse

115 1421 283 1482 coniecerat,
305 1438 365 1476 eum
380 1420 520 1475 Pithneani
536 1419 697 1475 auctoritate
716 1423 765 1490 qui
777 1420 872 1491 uulgu-

117 1510 208 1567 r'etur,
235 1505 307 1577 quud
329 1504 468 1561 Schulzius
494 1523 548 1560 nen
570 1504 683 1560 debebat
704 1513 800 1577 poetae
824 1502 872 1557 tri·

118 1590 201 1646 buere
218 1590 362 1661 antiquum.
373 1606 523 1645 sermonem
538 1590 682 1644 nd'eetanti.
726 1588 823 1644 Verum
840 1604 871 1641 ne

117 1674 274 1730 Salmasiuni
294 1673 399 1746 quidem
420 1675 576 1729 memorium
594 1674 725 1736 defendo,
747 1673 809 1746 quia
824 1674 872 1727 La·

118 1761 174 1815 tine
199 1768 244 1815 aut
264 1761 409 1815 crastinus
428 1760 488 1814 dies
512 1761 640 1829 eritque
663 1766 710 1813 aut
730 1774 798 1814 eres
819 1759 873 1813 erit

116 1863 181 1902 eum
198 1844 317 1905 effertur,
334 1844 424 1917 itaque
440 1851 547 1916 poetam
565 1833 705 1917 scripsisse
722 1843 778 1898 uin:
802 1843 873 1898 Cras

62 1934 67 1946 '
117 1932 185 1996 erit,
207 1946 306 2001 quom
328 1931 442 1999 primus
456 1929 562 1983 Aether
587 1929 733 1998 copulauit
748 1932 871 1998 nuptias.

117 2015 274 2070 Grauiorem
289 2021 377 2069 nutem
393 2013 595 2086 corruptionem
614 2021 731 2068 extreme
745 2029 871 2068 uersuum

118 2099 214 2154 hurum
231 2099 313 2154 uerba
328 2115 405 2171 passe
421 2105 501 2153 sunt:

136 2248 213 2296 Tunc
227 2262 321 2297 eruore
334 2246 367 2296 de
380 2261 496 2311 superno
509 2260 619 2309 spumeo
632 2250 731 2309 pontus
743 2245 823 2311 globo

137 2315 262 2364 caerulas
275 2315 348 2364 inter
361 2319 502 2374 cateruae,
521 2315 594 2362 inter
607 2319 634 2362 et
646 2313 760 2377 bipedes
774 2325 856 2375 equos

137 2383 206 2432 fecit
217 2382 366 2431 undantem
377 2381 486 2430 Dionen
499 2381 532 2431 de
545 2381 651 2429 maritis
664 2380 804 2429 imbribus.

172 2481 181 2500 .

121 2520 169 2575 Vbi
191 2523 306 2576 marites
325 2523 429 2576 imbres
452 2520 581 2593 appellari
603 2528 735 2592 ‘spumam
752 2525 778 2572 et
795 2533 873 2572 cruo-

110 2621 173 2657 rem
198 2623 266 2660 erne
287 2623 366 2677 quem
397 2604 546 2680 eleganter’
575 2604 680 2676 Lipsius
706 2601 873 2675 opinabatur,

93 2687 189 2746 quode
212 2704 269 2744 nes
288 2707 372 2748 secus
389 2691 590 2749 existimamus.
618 2688 688 2743 b'nnt
700 2703 781 2758 snper
802 2703 884 2756 snum
