1958 3426
278 122 465 164 'enarrermvn
478 129 597 163 venatus
783 115 817 164 45

60 272 163 327 fundat.
192 271 284 343 ltaque
309 270 478 342 intellegitur
503 288 581 342 quam
602 272 634 326 ad
655 289 681 325 u.
700 277 733 330 56
755 280 816 344 apte

59 356 155 411 ultima
173 356 304 429 poematis
326 355 439 428 stropha
456 355 563 409 accedat
587 372 600 409 a
624 355 741 410 librariis
756 374 815 411 cum

59 457 86 496 u.
106 446 140 500 79
154 447 348 513 coagmentata.
378 441 443 495 Tum
460 457 526 494 uero
540 439 571 494 ad
583 440 683 494 exitum
700 440 818 513 scriptor

59 533 190 599 properat
218 532 348 580 maestum
369 532 455 596 ptque
482 524 674 585 miserabilem,
705 542 737 578 en
762 542 815 597 quo

59 609 263 681 Wernsdorfius
278 626 387 664 uersum
398 616 432 667 89
448 609 485 664 sic
500 608 681 682 interpretans
695 610 816 680 ‘quando

60 695 112 750 erit
130 693 175 749 illa
191 694 263 754 dies,
280 711 332 766 qua
349 710 475 754 excusso,
497 693 542 765 qui
556 709 608 748 xme
627 693 755 748 hactenus
780 701 817 748 te·

39 779 133 840 nuit,
158 788 268 851 torpore
286 778 330 833 uel
351 785 424 832 metu
446 778 556 832 audeam
576 794 682 832 carmen
707 777 816 850 aliquod

60 865 176 937 prodere
194 863 316 937 pulilice'
334 860 509 934 Peruigilium
534 863 586 917 hoe
605 862 738 917 conclusit
757 879 817 918 esse

61 957 90 1003 ‘e
109 947 236 1021 primitiis
252 956 279 1002 et
306 947 472 1003 iuuenilibus
489 955 600 1019 poetae,
627 947 750 1019 quisquis
771 946 816 1002 ille
893 1016 895 1021 Ι

60 1033 133 1094 luit’,
149 1049 195 1086 me
217 1032 303 1087 iudice
323 1049 418 1105 parum
440 1039 517 1086 caute
542 1031 586 1085 uel
605 1031 753 1104 prudenter
772 1032 815 1104 (cl.
890 1035 892 1041 ’

60 1116 205 1172 Muellerus
226 1135 254 1189 p.
271 1115 323 1188 27).
349 1116 430 1170 lmmo
449 1115 625 1170 dubitandum
645 1116 736 1189 potius
752 1116 816 1171 mihi

61 1202 182 1261 uidetur,
210 1217 244 1254 an
260 1200 382 1273 adempta
400 1201 592 1273 imperatorum
608 1200 722 1255 saeuitia
736 1200 816 1256 lilier·

61 1295 102 1341 tas
124 1285 252 1357 loquendi
268 1285 356 1339 animo
374 1293 470 1357 poetae
487 1284 630 1339 obuersata
648 1285 697 1345 sit,
720 1293 749 1340 ut
769 1286 816 1340 laus

62 1368 196 1442 querellas
211 1368 339 1424 cumillis
354 1386 498 1442 componas
514 1369 638 1441 aquilius
654 1369 758 1424 initium
769 1371 817 1425 Ta·

60 1455 130 1510 citus
150 1455 213 1510 lecit
230 1455 302 1509 uitae
317 1453 471 1527 Agricolae,
491 1454 568 1508 cuius
586 1471 643 1527 cap.
662 1462 678 1514 3
694 1454 818 1511 similiter

62 1539 170 1594 silentio
184 1538 256 1612 quod
266 1539 392 1594 diuturna
404 1539 550 1594 necessitas
563 1539 713 1595 iniunxerat
725 1540 817 1595 incon·

61 1624 116 1679 dita
137 1641 167 1678 ac
183 1624 257 1678 rudis
277 1639 330 1678 uox
351 1631 501 1678 excusatur.
536 1623 612 1691 Quod
631 1624 695 1680 licet
713 1624 816 1697 liquido

61 1707 214 1764 confirmari
229 1717 353 1780 nequeat,
369 1708 482 1780 propius
502 1718 590 1764 tamen
608 1727 622 1763 a
641 1725 707 1764 uero
723 1708 816 1763 abesse

57 1793 142 1848 credo
163 1811 241 1865 quam
267 1793 289 1846 si
309 1793 361 1848 hoc
382 1792 547 1866 significasse
572 1800 678 1865 poetam
706 1800 816 1854 statuas,

64 1894 110 1932 sua
126 1895 154 1933 se
170 1885 266 1951 sponte
286 1895 316 1933 ac
329 1877 470 1950 uoluntate
486 1886 539 1931 tam
556 1877 599 1931 diu
619 1877 742 1932 tacuisse.
768 1877 817 1932 lle·

61 1961 165 2034 liquum
184 1971 272 2017 autem
290 1970 332 2016 est
349 1970 378 2016 ut
392 1963 424 2016 de
442 1960 596 2034 explicando
612 1969 639 2016 et
654 1961 817 2016 emendando

64 2063 146 2101 uersu
169 2054 202 2106 90
222 2047 385 2102 mentionem
410 2045 512 2101 faciam.
542 2045 591 2100 Vlii
617 2045 687 2118 quod
717 2045 818 2118 legitur

63 2129 212 2186 chelidonis
227 2148 332 2191 nomen,
351 2131 491 2204 proprium
510 2130 535 2185 id
551 2146 610 2185 esse
628 2129 750 2185 mulieris
769 2131 818 2184 mi·

63 2232 222 2288 numquam
245 2214 356 2270 ridicule
376 2214 577 2269 Wernsdorfius
590 2213 663 2291 ⁴olim
685 2222 712 2270 et
732 2232 818 2287 nuper

63 2299 210 2372 Lipsiensis
228 2299 316 2355 editor
337 2299 463 2355 alucinati
488 2307 558 2354 sunt.
587 2300 675 2371 Atque
696 2299 742 2353 ille
759 2300 818 2372 qui·

63 2383 123 2439 dem
140 2384 191 2439 iam
207 2402 222 2438 a
239 2384 317 2439 dueta
332 2383 443 2439 muliere
454 2383 634 2456 compositum
649 2400 756 2438 carmen
772 2384 818 2439 de·
878 2413 882 2422 ·

63 2469 230 2542 prehendere
246 2468 296 2523 sibi
313 2467 574 2527 uisus.momorabili
590 2468 641 2523 hoc
656 2475 817 2540 argumento
860 2506 865 2517 .
886 2487 890 2493 ·

64 2553 161 2608 nititur
178 2554 243 2609 ‘nisi
262 2552 379 2608 alludere
397 2554 448 2609 laoc
464 2552 544 2607 modo
560 2560 655 2608 auctor
669 2553 700 2608 ad
719 2569 817 2608 nornen

64 2655 142 2693 suum
163 2637 264 2699 uoluit,
291 2638 384 2694 deliult
405 2637 518 2693 omuino
540 2636 663 2692 alionum
679 2644 838 2704 qaenam
