1964 3202
318 373 505 408 unumunurm
517 373 636 408 vaurms
823 356 856 409 31

100 533 127 570 u.
143 521 175 575 67
194 532 208 569 a
224 514 390 587 reliquorum
409 514 478 569 scrie
490 512 682 568 uocabulorum
704 521 858 586 separatum

100 600 212 665 Imbcut,
230 617 322 654 uerum
340 607 428 654 tamen
443 606 473 653 ut
488 606 529 653 est
547 597 696 670 exemplum
712 597 858 671 singulare,

101 686 138 739 ita
151 701 207 750 cam
218 684 299 738 hahet
310 683 510 738 excusationem
523 683 595 754 quod
607 683 734 738 inciditur
748 689 812 755 post
826 682 860 737 il·

101 769 146 824 lud
163 768 275 823 [terbum
292 767 379 822 oratio
394 775 421 821 ct
435 768 620 839 distinguitur,
637 785 691 840 quo
708 767 736 822 sit
756 775 786 821 ut
801 767 858 822 Im-

102 855 160 908 buit
185 853 216 907 ad
244 851 412 925 superiorem
430 869 538 906 uersum
559 853 666 908 accedat
682 852 858 908 commodius.

101 938 260 996 Genetiuum
274 952 341 991 uero
364 954 376 990 a
400 936 570 991 substantiuo
593 954 642 992 suo
656 937 813 991 distractum
832 938 859 991 in

101 1022 215 1079 alterum
231 1038 354 1082 uersum,
370 1020 542 1093 quantumuis
558 1020 642 1076 multa
657 1021 723 1077 hoec
739 1020 859 1094 exempla

102 1107 191 1163 sintin
203 1122 330 1161 uersuum
341 1104 481 1163 clausulis:
497 1109 571 1160 iuter
585 1107 701 1161 umbros
714 1107 859 1174 orborum,

102 1194 135 1247 de
145 1191 251 1263 fictioni
263 1192 375 1260 spiritu,
383 1192 472 1260 deque
479 1187 591 1245 Amoris
598 1192 709 1258 osculis,
716 1185 806 1261 deque
815 1207 859 1247 so-

102 1278 136 1332 tis
147 1279 306 1351 purpurio,
324 1282 475 1345 poetarum
493 1276 571 1336 deus,
586 1277 700 1344 puellae
714 1277 861 1344 montium,

103 1348 194 1416 iuater
215 1362 304 1426 alitis,
331 1361 469 1414 noscendi
482 1360 560 1426 uias,
588 1361 733 1415 balantum
750 1375 859 1432 propes,

102 1447 200 1501 subter
214 1445 343 1499 umbram
360 1446 467 1514 populi,
482 1460 613 1514 nusquam
630 1445 739 1500 inuenio
753 1453 863 1517 praeter

103 1538 186 1589 u.15:
201 1531 264 1599 ipso
280 1531 355 1584 roris
366 1531 460 1593 lucidi,
478 1529 574 1582 Noctis
590 1546 664 1583 curu
677 1544 758 1600 quem
774 1531 860 1584 retiu-

104 1617 171 1687 quit,
188 1615 300 1685 spurpit
314 1615 434 1668 timentis
450 1628 550 1683 aquas.
567 1611 649 1679 Quem
662 1613 750 1670 iocum
765 1613 862 1670 abhoc

104 1708 205 1756 tantum
222 1706 334 1772 apparet
348 1697 449 1753 distare
465 1705 594 1769 quantum
615 1697 717 1754 caelum
743 1716 757 1753 a
778 1706 861 1766 terra,

103 1794 133 1840 ut
153 1802 208 1839 non
223 1784 311 1856 possit
336 1782 470 1856 praesidio
494 1799 553 1836 essc
575 1783 597 1836 ei
615 1783 766 1856 scripturae
782 1801 861 1855 quam

103 1869 231 1924 Pithocus
247 1875 274 1922 et
285 1868 392 1940 Lipsius
410 1866 638 1939 cxcogituucrant.
662 1868 744 1922 lmmo
755 1885 821 1922 uero
839 1869 861 1927 si

105 1953 197 2008 miram
215 1953 242 2007 iu
257 1951 412 2007 ordinandis
430 1950 568 2006 uocabulis
584 1952 783 2026 simplicitatum
798 1969 863 2025 poe-

105 2045 147 2092 tae
168 2036 442 2097 consideraucriruus‚
473 2053 524 2108 qua
546 2036 687 2092 admodum
709 2037 863 2109 propinqua
937 2050 940 2056 '

106 2121 177 2174 inter
196 2138 224 2174 so
245 2120 378 2176 collocare
400 2120 470 2176 solet
487 2119 600 2175 runculis
616 2138 716 2176 conexa
732 2138 863 2191 gramma·

107 2204 175 2264 tisis,
192 2222 245 2259 non
260 2206 410 2278 poterimus
428 2205 492 2277 quin
510 2205 623 2260 Romuli
641 2213 752 2275 putrem
770 2205 863 2261 effera·

107 2306 165 2343 rnus
181 2289 330 2345 coniuncte.
361 2290 440 2345 Vides
464 2290 547 2361 igitur
563 2307 641 2362 quarm
661 2290 714 2345 uiri
730 2291 802 2346 docti
823 2290 865 2345 in·

107 2372 221 2428 t'eliciter
242 2390 333 2429 omncs
354 2374 493 2429 emendare
510 2375 579 2430 hunc
595 2392 704 2431 uersum
723 2374 863 2437 tentarint,

107 2457 204 2530 quibus
226 2457 357 2514 intelicius
378 2459 457 2513 ctiam
481 2459 628 2532 explicandi
649 2467 768 2515 matrem
786 2460 863 2515 nerlii

107 2541 256 2616 periculum
271 2542 381 2598 tlrusius
398 2544 475 2606 fucit,
500 2546 609 2600 nominc
631 2546 682 2600 hoc
696 2545 799 2600 Liuiam
815 2563 864 2599 uu·

105 2629 159 2683 cari
180 2627 314 2700 opinatus,
343 2628 468 2684 Memoria
489 2639 578 2686 autom
600 2630 730 2685 lituorum
754 2639 800 2685 aut
816 2648 865 2703 per

106 2713 256 2767 litterarum
273 2713 491 2785 deprauationom
508 2724 567 2770 orta
584 2723 625 2769 cst
642 2724 672 2769 ut
687 2713 775 2769 lcnior
790 2715 864 2769 adtri-

107 2798 191 2853 iicnda
208 2798 322 2852 mutatio
346 2798 395 2860 sit,
425 2807 472 2854 aut
496 2797 604 2854 iiiirarii
623 2799 743 2852 deuictus
758 2795 886 2858 ‘susumus

95 2885 234 2952 pudt'cam
253 2888 398 2961 uirpincm
419 2886 504 2946 cuius
515 2904 546 2942 u.
558 2889 599 2944 'tt
611 2880 728 2938 mustus
747 2874 833 2923 tusus
849 2865 920 2911 m&
