1964 3202
188 368 220 420 36
406 385 592 419 rnavmrnrvu
605 387 723 420 xmunnrs

187 529 259 583 nodo
271 525 416 581 ablatiuum
431 527 565 600 explicaro
579 527 677 588 licebit.
696 527 738 583 uel
752 528 804 583 sie:
820 544 882 584 rosa
897 546 944 583 ru·

187 613 281 668 boram
296 611 384 667 soluet
402 629 416 666 e
432 611 516 673 nodo,
533 621 562 666 ut
576 629 607 668 ex
624 613 695 667 nodo
711 612 796 666 rubor
812 623 942 685 emergat,

188 697 230 752 uel
247 696 299 751 sic:
321 713 382 751 rosa
404 695 531 751 ruborem
551 694 639 751 soluet
660 697 789 759 innodo,
814 696 838 751 id
856 705 943 753 estut

187 781 286 837 nodum
308 781 449 854 compleat.
482 780 531 836 Sed
553 781 609 836 siue
626 781 693 836 bauo
708 781 867 836 sententiam
884 783 943 838 siue

188 865 259 920 illam
290 865 473 938 amplecteris,
509 866 639 921 adiectum
669 869 752 921 unico
781 865 943 921 uocabulum

188 950 260 1024 quod
270 957 315 1004 aut
329 951 476 1023 opponitur
487 950 609 1023 pluribus
627 959 672 1005 aut
686 968 736 1024 pro
753 951 849 1005 eximio
863 968 944 1006 usur·

186 1043 274 1109 patur‚
290 1035 384 1089 inutile
396 1042 423 1090 et
436 1052 663 1108 superuacaneum
679 1043 728 1097 est,
737 1035 875 1108 indignum
890 1037 943 1090 uti·

187 1137 239 1193 que
254 1119 334 1188 buius
349 1129 450 1192 poetae
463 1119 575 1191 argutiis
597 1120 642 1192 qui
662 1120 687 1174 in
709 1120 885 1192 depingendis
901 1138 943 1175 re-

187 1205 237 1259 bus
256 1203 309 1258 illis
327 1203 494 1258 naturalibus
511 1204 620 1277 propria
634 1211 661 1258 et
671 1203 848 1275 significantia
859 1205 942 1259 uerba

186 1289 312 1363 eligebat.
346 1286 394 1344 lllo
413 1296 502 1343 autem
519 1288 639 1361 epitheto
662 1288 734 1343 rosei
757 1288 819 1343 nodi
843 1289 943 1345 descri-

185 1373 244 1447 ptio
261 1372 396 1445 quomodo
415 1372 593 1446 amplificatur
609 1371 751 1446 planiusue
767 1374 942 1446 exprimitur?

187 1457 250 1512 Erat
269 1458 352 1531 igitur
373 1458 418 1530 qui
441 1460 537 1512 ‘arnico
559 1474 667 1512 sensum
688 1458 813 1512 idoneum
829 1458 942 1513 babera'

187 1544 284 1598 merito
301 1559 401 1615 negans
417 1542 574 1597 aboirberio
587 1543 757 1615 propositum
770 1545 855 1597 accido
867 1559 943 1615 prae-

187 1628 279 1682 l'erret.
294 1627 328 1680 At
342 1645 393 1700 ego
409 1635 505 1700 poetae
521 1644 574 1690 non
592 1626 672 1681 credo
688 1644 746 1681 cum
760 1627 820 1681 inde
836 1644 850 1680 a
864 1645 890 1681 u.
912 1636 940 1685 15

186 1712 268 1767 ssores
297 1719 409 1767 cunctos
437 1728 499 1767 rore
522 1710 610 1766 lucido
632 1728 646 1765 a
672 1711 774 1765 l'rnere
797 1711 942 1784 conspergi

186 1796 296 1851 uberius
312 1792 436 1857 dixisset,
458 1796 507 1851 lroe
528 1813 634 1850 rursum
654 1795 713 1850 loco
732 1796 853 1850 larinoris
871 1795 942 1850 illius

185 1880 377 1953 cogitationem
394 1880 525 1953 placuisse
542 1880 693 1935 instaurari.
714 1881 799 1935 Porro
816 1880 942 1952 quoniam

187 1984 213 2019 u.
229 1971 262 2024 25
283 1965 409 2021 ruborem
429 1975 505 2020 ueste
529 1973 627 2020 tectum
651 1965 728 2036 ignea
751 1965 861 2020 latuisse
882 1982 942 2037 per·

188 2051 279 2124 spicue
302 2057 329 2105 et
349 2058 464 2105 uenuste
486 2059 656 2109 narrauerat,
685 2050 748 2121 quid
771 2051 797 2103 in
818 2049 942 2122 proximo

187 2151 269 2190 uersu
286 2134 416 2189 attinebat
433 2134 535 2188 referre
552 2133 652 2194 ieiune,
680 2134 808 2188 ruborem
825 2134 894 2189 solui
911 2151 943 2188 ex

186 2236 241 2274 uno
256 2220 348 2274 nodo?
376 2219 449 2274 Vnde
466 2217 576 2273 alteram
592 2218 795 2291 explicationem
813 2236 866 2272 non
883 2235 942 2274 esse

187 2303 550 2377 probabilemconsequitur;
564 2301 674 2357 alteram
685 2311 773 2357 autem
786 2303 867 2357 banc:
881 2319 943 2358 rosa

187 2387 312 2443 ruborem
334 2388 423 2443 soluat
440 2388 466 2442 in
481 2387 593 2442 sormam
609 2388 687 2447 nodi,
704 2387 753 2442 etsi
770 2388 942 2460 graxmrratiea

188 2473 229 2528 lex
248 2490 302 2527 non
317 2472 458 2545 probibet,
486 2480 574 2526 tamen
590 2473 652 2544 quia
668 2489 722 2526 non
742 2472 867 2544 congruit
882 2489 941 2527 eum

188 2566 296 2618 natura,
313 2557 439 2612 debemus
457 2556 614 2630 aspernari.
633 2557 685 2611 lam
703 2574 765 2611 vero
782 2547 941 2612 sententiam

188 2642 330 2714 scriptoris
346 2642 495 2702 accuratius
510 2641 665 2714 indagantes
678 2641 835 2696 translatum
851 2642 882 2695 ad
898 2659 943 2696 ro·

187 2743 232 2779 sas
254 2725 374 2782 uidemus
398 2735 483 2781 totum
506 2726 586 2780 ritum
612 2725 773 2799 nuptialem:
805 2725 942 2798 cingulum

165 2804 258 2856 solm't
281 2810 363 2880 uirgo
387 2811 622 2869 communitatum
657 2810 765 2866 Marito
786 2811 944 2865 euimrectc

144 2876 347 2947 Salmasranns
371 2896 450 2954 liber
470 2900 587 2958 tradidit
605 2896 784 2956 nominatius
806 2910 886 2952 casu.
905 2907 966 2942 nou
