1964 3202
121 186 153 234 ⁶20
340 198 523 232 unumunurn
537 199 655 233 rennuis

121 343 204 398 idest
221 349 266 394 ‘ex
278 338 356 394 Caelo
372 340 474 394 Pontus
490 339 744 412 peperitVenerem’
760 369 796 378 -
813 338 878 394 liaeo

121 427 204 484 uerba
220 427 253 480 de
272 426 382 478 meritis
396 425 530 478 imbribus
545 441 593 479 nee
605 425 719 479 duorum
734 422 877 478 interuallo

121 526 248 568 uersuum
264 525 389 582 separare
405 507 437 562 ab
455 506 508 563 illis
522 524 627 572 eruore
643 511 677 563 de
690 524 816 578 superruo
831 526 877 563 ne·

122 613 174 670 que
196 597 349 669 undantem
371 592 514 665 participio
539 592 661 647 subicere
679 592 807 655 debehat,
831 593 877 647 sed

121 680 286 751 coniungere
301 677 333 732 ab
349 677 427 731 initio
439 678 473 731 de
486 693 611 747 superno
626 693 731 733 cruore
746 686 771 731 et
790 680 877 731 uiuri-

122 768 156 821 tis
172 765 315 818 imbribus.
337 760 399 815 Tale
416 761 479 834 quid
496 762 590 818 dubito
607 779 640 816 an
656 765 771 817 senserit
785 762 819 816 ab
835 762 876 816 in·

121 849 273 920 tellegendo
296 845 475 902 alienissimus
496 847 590 908 homo,
618 847 738 901 Andreas
755 846 874 907 diuinus,

121 933 324 1008 praeferendum
348 933 382 986 de
407 933 561 986 marinis
584 933 719 986 imbribus
741 948 800 986 esse
820 931 877 1004 opi·

120 1025 215 1079 natus,
246 1015 318 1088 qnod
345 1015 441 1088 cupide
462 1018 635 1088 arripuerunt
656 1015 774 1071 editores
797 1015 877 1088 pleri·

122 1120 188 1176 que,
213 1100 303 1156 nullus
325 1101 491 1171 argumentis
508 1099 648 1156 stabilinit.
676 1099 708 1155 Et
730 1108 759 1155 ut
780 1099 877 1154 leuiter

120 1188 219 1242 iactum
231 1194 272 1240 est
287 1183 418 1246 allinino,
436 1185 471 1239 ita
488 1184 542 1240 leni
559 1202 640 1258 opera
652 1193 743 1258 potest
756 1184 876 1239 relnturi.

120 1271 184 1326 Nam
206 1286 293 1341 neque
316 1269 492 1341 grauissimus
514 1268 559 1324 ille
587 1269 730 1343 serupulus
753 1270 877 1324 eximitur

122 1372 200 1429 quem
220 1355 324 1408 imbres
345 1371 396 1427 pro
418 1354 543 1410 lluetibns
559 1354 642 1427 positi
659 1354 821 1414 iniecerunt,
850 1362 877 1408 et

121 1457 153 1496 eo
177 1440 250 1512 ipso,
278 1439 350 1511 quod
366 1437 578 1494 Wernsdorfinm
596 1447 625 1493 nt
648 1438 737 1510 legere
758 1440 877 1492 miminis

121 1523 213 1580 mallet
225 1524 384 1584 commouit,
412 1533 485 1602 ‘enm
506 1524 611 1596 ingrata
634 1523 669 1576 sit
696 1523 823 1596 repetitio
846 1540 877 1577 ex

120 1614 203 1664 uersu
217 1609 254 1670 4¹,
271 1625 321 1663 nos
333 1607 488 1663 adducimur
503 1617 533 1662 nt
547 1608 714 1680 disputemus
729 1608 757 1661 in
772 1616 879 1662 eontra·

120 1693 187 1748 riam
202 1701 314 1767 partem.
343 1691 539 1747 lleinornbilem
557 1683 605 1747 ha'e
623 1693 655 1747 de
671 1709 700 1746 re
717 1690 876 1746 Orellianam

120 1778 322 1833 adnotationem
345 1776 501 1832 subscribo:
529 1777 678 1850 ‘patienter
693 1776 819 1832 ferendus
836 1784 877 1831 est

120 1862 197 1917 lusus
214 1879 340 1918 uersuum
359 1861 428 1916 inter
452 1862 523 1916 hune
544 1860 707 1916 uersiculum
725 1869 752 1915 et
768 1879 793 1915 n.
810 1871 827 1929 ³5
843 1863 876 1916 de

120 1949 232 2002 maritis
246 1947 395 2012 imbribus,
423 1946 449 2000 in
463 1963 516 2019 quo
534 1945 676 2018 aliqnando
691 1946 876 2000 oll'emlelnnn'.

120 2032 272 2087 Ollenderat
288 2039 376 2086 antem
394 2031 497 2104 optimo
513 2030 579 2085 inre.
610 2029 640 2083 Ni
658 2030 754 2084 mirum
771 2031 877 2103 saepius

120 2124 217 2191 poetae
238 2133 319 2170 nnum
338 2114 450 2188 pluraue
466 2114 563 2175 uerba,
586 2114 759 2186 quibuscum
776 2116 878 2187 praeei-

120 2217 173 2274 pua
195 2199 344 2255 sententiae
367 2199 487 2272 grauitas
507 2198 680 2254 contineatur
701 2199 813 2254 maxime
829 2200 876 2253 nn·

121 2284 167 2339 bui
183 2285 328 2357 legentium
340 2284 443 2339 animos
458 2283 561 2345 uolunt,
578 2283 648 2338 intra
660 2301 806 2356 isaurorum
818 2299 881 2346 ner:

123 2387 201 2424 snum
218 2370 334 2442 spatium
347 2376 472 2441 repetunt
486 2377 513 2423 et
528 2368 565 2422 ita
581 2369 688 2441 quidem
706 2376 832 2441 repetunt
847 2375 876 2420 ut

123 2455 235 2508 eundern
258 2454 352 2525 ntique
367 2471 462 2508 uersus
484 2452 573 2508 laeum
597 2454 751 2508 obtineant:
776 2469 806 2505 ex
823 2469 876 2523 quo

124 2555 222 2610 genere
242 2538 371 2610 plurimae
390 2547 452 2592 sunt
474 2537 501 2592 in
517 2537 600 2610 lyrica
615 2538 784 2611 potissimum
801 2537 877 2609 poesi

111 2623 310 2686 repetitiones,
329 2623 357 2676 in
373 2640 453 2695 qnam
470 2623 621 2679 uenustatis
636 2631 716 2695 atque
728 2621 877 2694 elegantiae

92 2706 233 2757 quantum
255 2705 323 2760 mile
346 2709 502 2774 redundet,
531 2709 578 2768 uel
600 2726 687 2766 nnmn
707 2705 779 2762 illud
791 2704 894 2760 detulit
