1964 3202
399 176 408 186 ο

331 379 517 414 rcamomrvn
530 379 649 414 aeracius
672 421 675 427 ¹
839 365 868 415 ll

111 528 184 574 ctum
200 528 254 581 est,
272 538 324 592 qua
340 527 440 574 terram
456 520 604 575 lecuudet'.
636 520 705 576 llaec
723 522 768 593 qui
785 523 869 577 sensit

111 604 265 666 uerissime,
295 605 358 658 Otto
385 603 430 658 ille
451 603 595 676 Muellerus
620 605 746 677 quoniam
772 623 868 662 uersus
911 602 959 671 5⁴.)

111 692 183 746 59-
188 694 221 747 62
235 689 261 742 in
280 688 390 742 alteram
408 677 545 760 stropham
563 689 707 744 translatos
723 690 869 746 collocauit
891 680 962 751 9⁶7

111 781 171 826 ante
187 789 213 826 ιι
230 779 253 836 9
270 773 410 857 ingressus
427 773 532 852 quidem
547 781 647 828 rectam
666 773 735 828 uiam
751 776 797 831 sed
814 792 869 831 non
905 832 908 836 Α

110 846 333 928 persecutusest
364 856 428 911 Nam
445 874 490 928 qur
512 854 569 910 lieri
584 865 690 928 potest
707 867 777 913 utu
798 867 869 917 lbet

110 940 235 1013 deinceps
257 941 312 996 uim
328 941 438 995 Veneris
454 948 534 1012 pocta
549 939 653 1001 laudet,
672 950 726 996 tum
744 944 867 998 sensibus

110 1025 181 1079 inter
203 1042 231 1079 sc
253 1025 350 1080 iunctis
369 1033 448 1097 atque
471 1025 507 1078 ita
522 1025 743 1087 cohaerentibus,
767 1037 796 1081 ut
813 1045 867 1082 non

110 1109 228 1164 ollendas
243 1110 270 1164 iu
288 1110 471 1170 commissura,
488 1109 519 1163 ad
535 1110 644 1164 crastini
659 1111 711 1165 diei
728 1111 867 1167 sollemnis

109 1201 266 1266 apparatum
283 1202 409 1255 transeat,
428 1202 485 1248 tum
500 1211 527 1247 u.
543 1200 576 1253 63
591 1194 704 1267 abrupta
722 1196 770 1250 hac
786 1213 865 1268 quam

109 1277 279 1333 inchoaverat
300 1278 455 1333 narratione
476 1295 569 1332 rursus
593 1279 647 1333 uim
669 1288 748 1352 atque
769 1289 867 1353 poten-

109 1363 172 1417 tiam
186 1363 250 1417 deae
268 1371 294 1417 et
310 1379 368 1417 eam
381 1362 500 1434 quidem,
517 1370 547 1416 ut
562 1363 652 1424 aiunt,
670 1363 702 1418 ab
719 1381 771 1418 ouo
788 1382 866 1437 repe-

109 1454 162 1508 tat,
188 1455 242 1501 tum
257 1464 283 1500 u.
300 1453 329 1504 81
350 1464 455 1502 rursum
479 1447 555 1518 quasi
570 1447 688 1520 proclive
707 1447 812 1502 labatur
834 1450 865 1505 ad

108 1531 315 1603 descriptionem
332 1548 469 1587 sacrorum
488 1548 555 1602 quae
572 1532 753 1603 appetebant?
782 1533 864 1588 lmmo

107 1622 210 1670 certum
221 1624 262 1670 est
274 1614 448 1686 (confidenter
463 1622 550 1669 autem
567 1615 630 1671 licet
642 1616 785 1671 decernere
798 1617 866 1673 hanc

108 1716 171 1760 rem,
188 1717 254 1772 qnae
271 1700 352 1755 semel
367 1699 475 1772 cognita
493 1699 616 1754 omnihus
634 1700 793 1772 probabitur
807 1702 865 1774 qui·

107 1800 211 1856 cunque
241 1783 424 1839 bentleianum
452 1782 518 1838 illnd
540 1783 609 1839 ‘holi
634 1783 758 1840 librarios
790 1785 864 1842 solos

107 1868 238 1929 uenerari,
255 1868 300 1923 sed
319 1885 368 1941 per
385 1875 410 1922 te
427 1885 520 1942 sapere
537 1868 618 1923 ande’
635 1868 795 1941 didicerunt)
805 1887 865 1925 uer·

93 1947 153 2007 'sus
167 1970 180 2006 a
197 1959 229 2012 59
243 1952 275 2006 ud
291 1958 325 2012 79
339 1960 451 2007 cunctos
473 1959 569 2007 octauo
586 1954 678 2007 uersui
700 1954 865 2026 subiungen-

106 2037 155 2091 dos
176 2037 268 2108 eisque
289 2053 385 2091 uersus
404 2042 496 2094 9-ιῖ
518 2036 555 2091 sie
576 2037 732 2093 inserendos
757 2047 863 2093 esseut

107 2129 169 2175 antc
184 2138 210 2175 n.
229 2128 263 2180 63
282 2121 413 2194 legantur.
454 2121 506 2176 lam
527 2121 576 2176 hae
597 2121 701 2176 ratione
722 2123 744 2176 si
765 2139 863 2177 uersus

106 2205 287 2277 disposueris,
316 2199 400 2260 lotum
427 2221 480 2260 uno
502 2213 596 2259 tenore
612 2222 718 2259 earnmn
734 2206 863 2279 procedet

108 2306 194 2360 nequo
216 2290 370 2345 institutum
393 2297 489 2361 pomae
511 2289 695 2360 rationemque
717 2291 769 2345 erit
790 2292 862 2363 quod

107 2372 339 2445 reprehendamus.
361 2375 477 2429 Primum
496 2373 633 2428 exorditur
656 2391 670 2427 o
691 2392 784 2429 caussa
800 2377 862 2430 festi

107 2456 259 2513 celebrandi
276 2466 391 2530 ortuque
408 2458 529 2518 Veneris,
556 2458 650 2513 deiude
671 2458 735 2513 dcac
752 2460 861 2531 exponit

107 2550 269 2615 potestatem
286 2551 312 2596 et
328 2542 395 2597 bene
411 2543 487 2603 lacta,
504 2542 618 2614 denique
635 2543 760 2597 instantis
772 2543 861 2615 perui·

108 2626 164 2699 gilii
178 2633 334 2719 apparatum
346 2644 431 2698 usque
444 2627 476 2681 ad
490 2627 594 2681 initium
606 2626 663 2681 eins
676 2627 791 2681 deducit.
808 2628 859 2682 lam

108 2709 201 2766 bene
195 2727 222 2766 m
243 2711 355 2783 primam
376 2711 500 2766 carminis
522 2717 624 2783 partem
640 2710 750 2766 lenonis
770 2711 861 2766 incidit

108 2795 196 2851 sabula
212 2795 349 2857 natalicia,
369 2796 421 2850 iam
441 2794 512 2851 hene
528 2795 682 2867 ‘gencmm'is
694 2794 884 2845 enimcum·

100 2896 160 2935 rum
173 2881 326 2959 descriptio
344 2883 447 2960 incipit
463 2882 497 2941 ab
522 2879 584 2936 illis
606 2879 685 2948 lpse
704 2881 805 2925 nenos
821 2865 917 2916 (ΜΨ
